3098 5056
452 255 636 321 ‚Pnscmns
654 271 679 311 11
697 271 864 312 1111110111
883 259 934 312 155
1294 241 1332 302 77

54 411 238 492 reptionem
262 418 390 478 constat
413 417 608 499 appositum,
633 417 713 481 nihil
736 439 795 501 per
816 418 878 483 hoc
901 416 1092 499 praeiudicii
1115 415 1261 480 volumus
1284 414 1511 479 1111113-17

54 517 133 582 locis
166 519 220 582 vel
251 521 399 601 personis
432 523 594 606 aliquibus
627 525 773 606 irrogari.
824 523 1057 589 Praesentibus
1089 524 1187 605 igitur
1217 521 1335 585 litteris
1372 503 1436 565 001·
1449 505 1499 565 12·

56 625 269 689 sollicitudini
287 632 363 691 tuae
381 631 609 713 praecipimus
637 632 791 713 quatinus
815 638 873 696 aut
894 630 1093 695 confratrum
1116 636 1245 694 tuorum
1270 628 1335 711 epi-

56 753 230 815 scoporum
250 732 470 818 abbatumque
488 737 608 802 iudicio
627 760 760 802 causam
778 739 884 821 ipsam
902 739 987 801 inter
1010 737 1147 802 abbates
1171 742 1203 799 et
1225 757 1336 799 mona-

56 840 192 903 sterium
207 845 381 924 utrumque
398 842 534 910 definias
549 851 606 909 aut
620 844 757 909 abbates
772 847 860 928 ipsos
880 866 983 927 usque
1005 845 1172 927 proximae
1196 841 1336 924 quadra-

55 946 201 1027 gesimae
224 947 319 1011 initia
343 948 384 1013 ad
407 957 553 1016 nostram
575 953 796 1035 praesentiam
821 950 952 1033 dirigas
989 950 1126 1014 Interim
1145 950 1176 1013 b.
1197 949 1336 1030 Remigii

55 1055 291 1118 monasterium
313 1056 347 1119 in
371 1079 449 1122 suae
473 1060 591 1141 quietis
615 1059 852 1142 tranquillitate
871 1063 1069 1142 permaneat.
1107 1056 1230 1120 Datum
1248 1055 1336 1119 Ana-

54 1161 151 1241 gniae
174 1160 225 1224 IV
248 1160 327 1226 Idus
352 1162 529 1230 Octobris*

54 1394 135 1460 155.
169 1397 323 1456 Pambotis
345 1400 381 1459 H
399 1401 527 1479 Radiilso
551 1403 762 1480 archiepiscopo
785 1401 924 1462 Romnae·
946 1402 1107 1478 signifieat,
1136 1419 1196 1459 sese
1224 1401 1336 1459 olibotes

171 1503 202 1562 S.
226 1505 355 1581 Reirii'grii
376 1513 403 1566 et
427 1508 458 1568 S.
481 1510 599 1569 bicarii
624 1530 717 1587 usqae
744 1511 783 1568 cd
798 1509 972 1586 prociarum
999 1509 1127 1567 Domini
1153 1508 1336 1566 nativitatem

170 1611 248 1687 (Dec.
261 1613 314 1688 25)
335 1633 471 1675 11001111.
494 1617 584 1676 Addit
598 1618 631 1676 de
643 1617 797 1694 priuilegio
815 1616 993 1675 monasterio
1010 1616 1039 1674 S.
1050 1616 1179 1691 Rerriipii
1196 1633 1335 1674 muccoso.

242 1731 313 1787 Bibl.
332 1740 390 1790 nat.
409 1736 495 1792 Paris.
515 1737 585 1793 Ooll.
604 1738 708 1793 Baluze
725 1738 760 1792 46
779 1737 826 1792 fol.
846 1736 912 1790 257¹>
930 1752 1016 1789 manu
1034 1753 1055 1789 s.
1074 1749 1152 1790 xvn.

144 1891 317 1959 Paschalis
345 1897 515 1981 episcopus
548 1919 658 1963 servus
691 1920 856 1963 servorum
879 1896 942 1961 Dei
965 1895 1128 1981 R(adulfo)
1155 1894 1333 1959 venerabili
1354 1896 1466 1955 1113-

55 1997 150 2063 fratri
176 2005 209 2064 11
232 2003 422 2086 coepiscopo
445 2004 653 2070 Remensium
682 2006 820 2070 salutem
845 2011 877 2068 11
902 2004 1114 2087 apostolicam
1137 2001 1334 2066 benedictio·
1362 1985 1457 2045 1117·

55 2128 139 2172 nem.
188 2107 420 2175 Fraternitatis
448 2117 524 2177 tuae
553 2114 674 2197 scripta
698 2114 899 2196 suscepimus
906 2161 914 2193 ,
942 2112 976 2175 in
1004 2110 1122 2194 quibus
1145 2129 1264 2191 magna
1287 2107 1334 2171 di-

55 2216 195 2279 versitas
219 2216 400 2299 videbatur,
424 2220 578 2300 quoniam
601 2242 674 2283 cum
697 2221 787 2303 prius
810 2241 924 2302 pacem
943 2219 1028 2282 inter
1051 2216 1188 2281 abbates
1213 2221 1246 2280 et
1268 2238 1334 2280 mo-

55 2323 203 2386 nasteria
227 2323 272 2387 ibi
301 2325 440 2406 positam
469 2325 688 2409 significabas,
714 2328 805 2391 salva
828 2326 1023 2390 auctoritate
1051 2323 1210 2408 privilegii
1232 2322 1336 2387 nostri

57 2436 89 2492 et
112 2429 204 2493 salvo
228 2430 299 2495 iure
322 2433 601 2515 monasteriorum,
625 2427 788 2517 posterius
817 2455 836 2497 a
863 2433 957 2498 nobis
981 2431 1108 2496 litteras
1131 2429 1203 2494 fieri
1225 2436 1336 2513 postu-

56 2535 166 2617 labae,
196 2557 238 2599 ne
261 2537 296 2600 in
323 2544 488 2621 posterum
515 2541 600 2604 inter
627 2540 741 2606 eadem
763 2541 961 2605 monasteria
984 2539 1095 2621 aliqua
1118 2536 1337 2601 controversia

57 2643 228 2708 occasione
250 2643 410 2728 privilegii
433 2648 536 2711 nostri
559 2653 670 2731 posset
693 2646 823 2712 oboriri.
860 2645 927 2711 Nos
947 2652 1066 2726 autem,
1091 2642 1336 2708 cumfratribus

56 2749 178 2814 nostris
202 2751 293 2832 pacis
317 2753 486 2818 occasione
513 2755 698 2819 ministrare
722 2760 884 2837 optemus,
918 2751 1063 2816 scandali
1091 2750 1236 2814 fomitem
1259 2749 1337 2814 dare

57 2856 242 2921 abnuimus.
289 2857 428 2942 Propter
460 2882 558 2943 quam
591 2883 723 2925 causam
755 2859 987 2944 praecipimus,
1021 2864 1054 2922 et
1081 2857 1113 2923 S.
1138 2857 1277 2938 Remigii
1305 2861 1339 2921 et

56 2962 87 3027 S.
108 2963 258 3027 Nichasii
282 2964 418 3031 abbates
442 2988 514 3031 cum
532 2968 700 3051 privilegio
719 2973 831 3032 nostro
855 2973 984 3031 etcum
1008 2965 1255 3030 commonitione
1279 2984 1338 3045 per

55 3093 112 3135 ros
138 3070 299 3153 disposita
325 3094 428 3155 usque
461 3074 503 3138 ad
526 3075 707 3157 proximam
734 3075 940 3139 nativitatem
962 3073 1094 3137 Domini
1122 3070 1164 3135 ad
1191 3076 1336 3135 nostram

55 3179 279 3259 praesentiam
303 3181 483 3245 convenire.
528 3181 563 3246 Si
588 3180 666 3264 quid
685 3182 770 3246 enim
793 3182 826 3244 in
850 3181 970 3263 scripto
994 3200 1052 3262 per
1074 3201 1133 3243 nos
1158 3177 1244 3241 edito
1268 3198 1336 3241 cor-

56 3283 229 3366 rigendum
253 3291 311 3367 est,
337 3285 469 3369 dignum
492 3288 636 3371 profecto
662 3293 720 3369 est,
744 3294 781 3351 ut
804 3310 862 3370 per
885 3309 944 3352 nos
967 3286 1172 3369 potissimum
1196 3284 1336 3365 corriga-

55 3397 110 3455 tur
136 3398 178 3474 et,
203 3394 382 3485 perspectis
406 3396 576 3477 utriusque
603 3396 706 3478 partis
733 3394 926 3475 rationibus
950 3392 1044 3456 firma
1067 3413 1131 3474 pax
1155 3398 1188 3454 et
1211 3390 1336 3454 stabilis

56 3521 115 3581 per
140 3521 199 3564 nos
222 3500 381 3582 largiente
399 3500 540 3567 Domino
560 3501 754 3584 supradictis
773 3500 978 3565 monasteriis
998 3496 1215 3563 confirmetur.
1251 3497 1336 3561 lllud

57 3612 170 3670 autem
194 3606 406 3689 privilegium,
431 3609 517 3690 quod
540 3608 705 3674 monachis
729 3608 760 3673 b.
780 3606 921 3689 Remigii
944 3612 976 3670 te
995 3611 1166 3689 praesente
1190 3608 1241 3669 etb
1264 3627 1337 3669 0011-

58 3715 222 3778 sentiente
246 3714 473 3798 concessimus,
497 3715 660 3781 illibatum
683 3715 829 3780 volumus
853 3712 1018 3778 custodiri.
1066 3711 1172 3794 Quam
1201 3712 1241 3776 ob
1269 3734 1337 3776 11111

57 3820 273 3885 sollicitudini
305 3827 381 3886 tuae
412 3823 644 3906 praecipimus,
677 3827 715 3886 ut
738 3821 777 3885 de
800 3821 956 3884 ministris
984 3820 1064 3901 tuis⁷
1098 3820 1154 3901 qui
1184 3817 1339 3882 audacter

57 3927 146 3992 idem
176 3928 381 4012 privilegium
407 3927 622 4012 infregerunt,
652 3928 796 3992 debitam
822 3927 1019 3991 monasterio
1042 3926 1202 3990 iustitiam
1224 3925 1336 3989 faciae.

57 4035 108 4099 De
133 4035 251 4100 ceteris
276 4036 374 4100 etiam
398 4037 537 4119 querelis
561 4037 699 4101 fratrum
722 4034 753 4098 b.
778 4034 918 4116 Remigii
943 4032 1135 4097 mandamus
1158 4037 1192 4096 11
1213 4032 1337 4114 praeci·

58 4142 178 4224 pimus,
202 4148 240 4225 ut
262 4142 421 4207 iustitiam
449 4143 619 4208 sollicitius
648 4142 758 4207 facias
805 4140 909 4205 Decet
932 4141 1016 4204 enim
1043 4161 1099 4204 vos
1127 4140 1211 4204 tanti
1234 4139 1337 4221 patris

59 4247 144 4314 filios
165 4298 403 4315 .........
428 4250 575 4315 devotius
604 4255 636 4313 et
659 4249 822 4314 efficacius
846 4249 880 4311 in
908 4249 976 4311 eius
1001 4244 1338 4328 01111111110111111111.0

148 4436 161 4460 ⁸
179 4433 301 4494 Dpr'stohze
318 4435 380 4494 baie,
398 4450 425 4480 11
443 4436 538 4482 archivo
557 4435 672 4480 Itemeuair
694 4435 795 4492 archiep.
816 4433 958 4490 demmptce.
977 4432 1033 4475 baec
1055 4429 1125 4475 verba
1144 4430 1269 4488 proposito
1285 4436 1338 4474 mint

61 4521 181 4569 Delatum
199 4536 215 4569 a
232 4521 365 4570 Lamberto
384 4525 409 4570 11
427 4521 569 4570 Godefrido.
659 4518 672 4551 b
691 4525 715 4568 ct
733 4522 826 4568 addidi.
908 4519 966 4564 ο111
984 4519 1059 4577 capite
1077 4519 1145 4563 haina
1170 4518 1292 4576 epistolae,
1311 4533 1338 4562 erc

62 4615 157 4660 archim
177 4615 279 4673 archiep.
290 4614 404 4659 Reamzais
418 4614 554 4673 Deceptae,
573 4615 630 4658 haec
642 4613 712 4658 cerba
721 4612 831 4671 apposita
839 4616 892 4656 uuirt
909 4606 1028 4654 Delatum
1043 4605 1075 4653 ab
1084 4605 1172 4653 Odone
1182 4608 1207 4653 et
1215 4605 1336 4666 Rodgero.
