3098 5056
444 267 628 322 0611111111
645 282 682 322 111
700 281 868 324 semrom
886 270 940 323 424
1265 255 1328 317 267

54 429 255 512 apostolatus
279 426 381 493 nostri
403 429 604 512 perveniunt,
619 404 722 511 'quae
746 451 811 494 non
840 430 964 495 solum·
991 435 1104 493 contra
1135 429 1329 512 pontificahs
1348 430 1514 491 1191-98.

55 536 173 601 ordinis
183 536 377 619 gravitatem
388 535 445 600 sed
455 536 530 600 etin
545 534 780 618 praeiudicium
795 542 828 600 et
839 536 975 601 militiae
990 536 1148 600 clericalis
1162 534 1329 602 infamiam
1440 550 1442 554 ‘

13 670 15 675 ·
57 642 312 724 committuntur,
345 643 435 724 gravi
459 641 607 724 quamvis
630 662 775 707 moerore
808 642 997 708 conficimur
1029 648 1075 724 et,
1105 649 1263 724 quantum
1290 665 1330 709 ea

57 754 158 813 mente
177 748 345 831 volvimus,
369 749 526 815 intensior
541 747 631 814 cordi
646 754 758 812 nostro
778 747 869 814 dolor
888 748 1081 813 cumulatur.
1120 715 1200 814 01111
1218 749 1330 832 itaque
1363 834 1365 839 .

57 855 228 920 venerabili
255 855 349 920 fratri
371 862 482 921 nostro
505 855 781 920 Eboraocnsiumb
804 854 1047 939 archiepiscopo
1070 855 1210 937 gratiam
1232 857 1329 920 istam

58 962 213 1028 communi
227 961 365 1027 fratrum
383 967 569 1027 nostrorum
588 961 723 1026 consilio
742 966 776 1026 et
794 960 1027 1026 deliberatione
1047 960 1227 1044 fecerimus,
1243 963 1330 1046 quod

58 1068 268 1134 venerabilem
291 1068 424 1133 fratrem
448 1075 595 1134 nostrum
618 1067 891 1132 Dunelmensem1
918 1068 1105 1150 episcopum
1128 1063 1250 1132 dudum
1272 1090 1330 1153 per

58 1176 153 1240 felicis
178 1176 352 1240 memoriae
375 1175 642 1259 praedecessores
675 1179 802 1239 nostros
836 1195 856 1237 a
885 1195 946 1238 sua
973 1174 1195 1240 iurisdictione
1224 1168 1329 1239 exem-

57 1289 119 1347 tum
141 1283 177 1346 in
200 1283 269 1346 eius
292 1281 473 1365 plenariam
495 1287 691 1365 potestatem
715 1283 800 1344 sicut
821 1280 1064 1364 metropolitani
1092 1281 1215 1364 proprii
1238 1282 1328 1347 rede-

57 1391 201 1471 gerimus,
226 1394 260 1453 et
277 1389 385 1471 ipsum
404 1410 423 1452 a
441 1389 603 1471 legatione
622 1387 733 1452 fratris
752 1387 1036 1453 1611111111111112
1059 1388 1202 1471 episcopi
1221 1409 1329 1453 eman-

58 1497 244 1579 cipavimuS,
278 1501 446 1577 sperantes
480 1497 549 1560 eius
579 1516 679 1579 opera
701 1495 871 1558 maturiori
896 1493 1047 1576 deinceps
1070 1494 1274 1577 providentia
1297 1501 1330 1560 et

57 1603 212 1685 gravitate
233 1651 442 1666 ........
450 1612 475 1682 ⁰3
510 1623 549 1666 ex
572 1603 737 1685 insperato
761 1602 954 1683 accepimus,
979 1605 1113 1683 propter
1135 1602 1329 1666 sententiam

58 1708 272 1792 suspensionis
297 1706 338 1771 ab
362 1708 449 1772 omni
477 1708 654 1793 episcopali
683 1713 716 1772 et
744 1706 939 1772 sacerdotali
963 1706 1069 1772 officio
1093 1712 1126 1770 et
1148 1728 1329 1773 excommu-

58 1816 224 1880 nicationis
255 1815 290 1877 in
321 1814 429 1897 ipsum
457 1822 491 1879 et
524 1837 598 1881 suos
631 1821 664 1879 et
696 1814 855 1897 quosdam
883 1813 964 1878 alios
993 1820 1114 1877 temere
1142 1814 1328 1898 iaculatam,

59 1944 150 2004 quam
172 1927 248 2005 post
270 1921 389 1985 multas
423 1921 639 1987 detractiones
672 1920 714 1985 ab
738 1921 908 2002 utriusque
936 1921 1039 2002 partis
1063 1922 1329 2003 procuratoribus

59 2027 233 2092 celebratas
256 2028 383 2091 irritam
412 2027 676 2092 denunciavimus
704 2033 737 2092 et
759 2047 905 2108 manere,
933 2027 1040 2109 ipsum
1062 2027 1181 2091 iterum
1204 2050 1329 2107 excom-

11 2110 15 2167 1
60 2135 279 2198 municationis
304 2135 465 2198 sententia
487 2135 522 2198 in
545 2132 628 2198 festo
652 2133 888 2217 purificationis
911 2131 1106 2198 11111113
1127 2135 1331 2217 praedictum

62 2241 239 2324 episcopum
271 2247 304 2305 et
340 2241 474 2306 clericos
508 2262 582 2305 suos
615 2245 648 2304 et
685 2261 794 2306 omnes
827 2240 857 2303 11
890 2241 1164 2305 communicantes
1196 2242 1330 2307 innoda-

62 2345 127 2428 vitd,
159 2369 218 2431 per
255 2348 477 2430 episcopatum
514 2369 608 2411 suum
645 2347 792 2411 eamdem
829 2345 905 2410 fecit
942 2348 1135 2411 sententiam
1171 2348 1330 2432 publicari

64 2453 114 2517 sub
137 2455 354 2519 anathematis
369 2455 633 2518 interminatione
656 2453 841 2536 prohibens
861 2473 902 2516 ne
925 2474 984 2536 per
1003 2454 1225 2536 episcopatum
1243 2453 1330 2520 Ebo-

46 2547 218 2625 'racensem
250 2561 356 2626 eidem
392 2562 543 2644 episcopo
581 2582 601 2624 a
633 2581 798 2642 quoquam
831 2558 1039 2624 exhiberetur
1071 2560 1248 2643 hospitium
1279 2561 1330 2626 vel

65 2667 219 2746 quaelibet
244 2668 399 2733 victualia
426 2667 654 2747 venderentur;
689 2666 841 2749 quodque
873 2666 1133 2731 crudelissimum
1160 2672 1194 2731 et
1216 2668 1331 2732 auditu

65 2778 105 2836 est
125 2772 293 2855 horribile,
318 2774 422 2838 altare
446 2774 485 2838 de
509 2773 672 2838 Boustant
694 2795 753 2856 pro
777 2792 825 2855 eo,
850 2773 937 2855 quod
964 2772 1131 2856 praefatus
1159 2776 1329 2857 episcopus

64 2876 90 2941 in
110 2900 146 2946 eo
170 2880 346 2957 celebravit
368 2901 427 2944 nec
451 2881 551 2945 ahum
574 2880 793 2945 celebrantem
821 2878 958 2962 audivit,
988 2885 1101 2945 contra
1125 2901 1251 2946 omnem
1274 2904 1330 2964 po-

64 2990 206 3052 testatem
230 2988 499 3052 etreverentiam
522 2986 598 3051 Iesu
623 2985 744 3050 Christi
776 2985 920 3050 subverti
952 2985 1038 3050 fecit.
1084 2986 1238 3052 Nolentes
1271 2989 1330 3070 igi-

64 3096 117 3176 tur,
141 3093 228 3176 quod
250 3099 318 3174 tam
341 3114 455 3176 graves
484 3099 518 3157 et
546 3113 692 3159 enormes
720 3114 871 3157 excessus
894 3094 1063 3158 occasione
1086 3093 1330 3159 benevolentiae

62 3206 184 3264 nostrae
208 3221 246 3264 ac
269 3201 440 3283 potestatis
469 3199 574 3263 eidem
602 3198 845 3283 archiepiscopo
868 3200 1028 3282 gravitate
1052 3199 1231 3266 affectionis
1260 3222 1330 3283 spe-

61 3307 127 3370 ciah
150 3313 264 3372 contra
287 3311 417 3389 patrum
445 3328 483 3371 ao
510 3305 798 3389 praedecessorum
825 3311 1010 3370 nostrorum
1034 3311 1159 3371 statuta
1185 3307 1332 3372 indultae

8 3478 11 3489 ,
58 3412 204 3497 impuniti
226 3419 416 3477 remaneant
438 3418 471 3476 et
494 3413 567 3477 aliis
590 3411 800 3496 perpetrandi
827 3412 930 3476 simile
951 3412 1045 3476 detur
1069 3413 1259 3497 exemplum,
1284 3414 1331 3478 di-

58 3520 206 3586 soretioni
228 3525 356 3584 vestrae
378 3540 437 3602 per
460 3519 642 3602 apostolica
669 3520 791 3602 scripta
817 3519 1009 3584 mandamus
1039 3525 1072 3584 et
1095 3519 1214 3585 diserte
1237 3541 1330 3604 prac-

55 3628 199 3710 cipimus,
223 3632 270 3708 ut,
295 3627 322 3689 11
346 3647 429 3708 quae
452 3625 671 3708 praediximus
694 3646 772 3689 vera
795 3646 866 3690 esse
889 3627 1052 3708 noveritis,
1077 3626 1181 3691 dictas
1205 3633 1332 3692 senten-

54 3735 115 3798 tias
139 3733 335 3797 auctoritate
367 3738 479 3797 nostra
512 3733 640 3798 omnino
671 3737 837 3796 cassantes
871 3738 904 3796 et
935 3753 994 3816 per
1026 3732 1180 3798 ecclesias
1207 3739 1331 3798 vestras
1371 3782 1375 3788 .

52 3840 163 3904 irritas
202 3859 273 3903 1116
292 3838 552 3930 denuntiantes,
589 3837 842 3902 Dunelmensem
874 3839 1061 3922 episcopum
1098 3845 1131 3904 11
1162 3840 1333 3905 ecclesiam

53 3968 146 4011 suam
156 3967 230 4010 cum
240 3944 389 4010 omnibus
409 3946 476 4009 suis
496 3945 623 4009 clericis
642 3949 675 4008 et
689 3943 834 4008 ecclesiis
849 3945 926 4026 suis,
947 3944 1049 4010 donec
1061 3945 1148 4011 idem
1162 3947 1332 4030 episcopus

52 4052 179 4133 vixerit,
203 4052 244 4116 ab
264 4051 540 4116 Eboracensium⁸
563 4050 878 4134 archiepiscoporum
896 4051 1118 4118 iurisdictione
1138 4054 1332 4118 auctoritate

51 4165 176 4240 nostra,
201 4164 348 4222 cessante
370 4159 600 4242 appellatione,
625 4158 754 4240 penitus
778 4158 941 4240 eximatis,
967 4159 1051 4222 siout
1073 4179 1147 4222 eum
1174 4160 1333 4242 temporet

142 4327 155 4351 ⁸
172 4337 223 4370 non
241 4322 323 4370 solum
341 4325 435 4372 addidi.
553 4316 566 4350 b
584 4321 722 4369 Eberornm
751 4316 788 4368 vel
809 4320 949 4369 Ebororum
968 4339 987 4369 c.
1122 4325 1132 4350 ⁰
1150 4325 1261 4370 manain
1279 4325 1332 4371 cod.

52 4407 63 4439 ‘¹
82 4410 212 4460 innodatis
230 4429 250 4460 c.
322 4416 333 4438 ⁰
352 4411 491 4459 Ebororum
511 4428 530 4458 e.
604 4404 688 4457 scum
707 4412 819 4472 tempore
837 4412 922 4471 empse
935 4427 981 4471 pro
1000 4409 1054 4472 ipsc
1072 4413 1125 4460 cod.

144 4514 154 4544 ¹
172 4513 324 4586 Hugonem
342 4519 359 4581 †
379 4514 447 4568 1195
466 4520 517 4568 aut
535 4512 706 4583 Philippum.
797 4512 807 4542 ²
825 4511 970 4568 Guilielmi
988 4517 1005 4578 †
1025 4513 1093 4567 1197
1113 4519 1163 4568 aut
1180 4513 1331 4569 Eustachii.

52 4603 62 4634 ⁸
80 4603 127 4658 die
147 4603 172 4661 2.
190 4602 270 4658 Febr.
