3098 5056
449 274 640 327 Aunxnnnnr
658 286 695 326 111
713 285 882 326 errorores
900 274 952 327 317
1278 260 1340 324 185

64 434 170 515 clesie,
197 453 281 515 qnae
305 433 454 499 omnibus
482 438 514 498 et
537 434 676 498 maxime
704 433 781 496 viris
809 433 1037 498 ecclesiasticis
1065 434 1098 498 in
1122 435 1190 498 suis
1212 441 1342 499 tenetur
1362 434 1528 494 1179ex.-

62 540 314 606 necessitatibus
347 540 527 621 subvenire,
559 540 726 606 laboribus
756 546 790 604 et
818 541 967 623 expensis
995 540 1154 606 inutiliter
1177 540 1340 624 fatigetur,
1379 523 1513 584 1180111.

63 648 150 732 quod
183 669 243 730 pro
276 645 389 711 eodem
420 647 571 733 H(erveo)
602 647 797 730 incepimus,
830 646 977 711 nolentes
1009 646 1194 730 relinquere
1225 649 1341 731 imper-

63 755 199 834 fectum,
224 753 395 836 presertim
427 774 501 817 eum
534 754 573 818 de
606 775 643 844 eo
666 754 728 817 viri
750 774 864 836 graves
888 753 981 819 nobis
1005 754 1229 837 perhibuerint
1250 756 1341 818 testi-

63 861 219 941 monium,
243 865 277 923 et
299 859 333 922 in
351 858 466 923 eadem
483 860 649 925 voluntate
672 866 839 924 manentes
863 861 1066 943 propositum
1089 865 1236 926 nostrum
1256 863 1342 924 circa

64 969 131 1031 eius
155 965 375 1049 provisionem
398 966 547 1031 nolumus
571 967 777 1049 aliquatenus
800 967 982 1031 immutare.
1030 966 1111 1031 Cum
1134 967 1233 1049 igitur
1256 966 1342 1030 idem

62 1073 234 1158 H(erreus)
257 1071 381 1135 nullum
407 1072 528 1136 habeat
555 1073 747 1138 beneficium
770 1075 833 1137 nisi
861 1073 1029 1137 dimidiam
1056 1078 1184 1137 tantum
1207 1074 1342 1156 preben-

62 1181 138 1245 dam
161 1200 223 1243 nec
247 1199 286 1242 ex
309 1199 348 1242 ea
369 1179 474 1262 possit
491 1179 658 1245 commode
677 1181 864 1261 sustentari,
888 1181 1076 1244 necessitati
1089 1180 1191 1263 ipsius
1206 1184 1341 1262 paterno

64 1285 301 1370 compatientes
326 1284 443 1349 affeetu
467 1291 500 1349 et
522 1286 672 1369 precibus
696 1286 835 1350 fratrum
858 1292 1043 1351 nostrorum
1062 1286 1232 1368 benignius
1251 1286 1342 1350 incli-

62 1394 143 1474 nati,
167 1413 255 1456 nune
277 1393 379 1456 tercia
401 1393 472 1457 viee
495 1392 569 1474 tibi,
602 1391 704 1457 frater
727 1393 891 1476 episcope,
924 1393 1116 1457 mandamus
1141 1398 1174 1457 et
1197 1392 1342 1456 districte

62 1500 272 1584 precipimus
297 1499 460 1580 quatinus,
481 1499 582 1564 donec
600 1498 727 1582 prefato
746 1498 896 1584 Hlerveo)
915 1521 1008 1563 suam
1025 1500 1248 1581 integraveris,
1272 1499 1342 1563 nul-

62 1607 128 1671 lam
152 1605 210 1670 alii
234 1605 431 1688 prebendam
464 1603 611 1670 conferas
643 1605 694 1669 rel
717 1605 877 1687 assignes,
910 1606 1028 1669 litteris
1055 1606 1175 1670 nostris
1199 1627 1263 1670 uon
1286 1607 1341 1671 ob-

64 1712 244 1792 stantibuS,
277 1713 305 1775 si
329 1732 391 1794 que
415 1717 490 1775 sunt
517 1712 568 1775 vel
594 1710 724 1793 fuerint,
744 1711 860 1776 harum
883 1718 995 1777 tenore
1024 1712 1134 1793 tacito,
1158 1713 1340 1795 impetrate.

63 1817 159 1901 Quod
183 1818 211 1882 si
234 1839 299 1882 non
322 1823 510 1883 occurrente
534 1817 668 1882 dimidia
689 1819 850 1900 integram
878 1818 908 1882 ei
935 1817 1133 1901 prebendam
1156 1819 1341 1900 contuleris,

61 1926 211 1991 volumus
233 1929 280 2006 ut,
305 1946 378 1988 cum
401 1923 441 1989 de
463 1925 591 2007 integra
618 1945 676 2007 per
699 1945 733 1988 se
757 1924 807 1987 vel
830 1945 889 2007 per
911 1924 1136 2008 interpositam
1159 1947 1341 2008 personam,

63 2033 90 2096 si
114 2031 233 2096 absens
257 2029 364 2112 fuerit,
392 2031 427 2094 in
449 2030 583 2094 fratrem
602 2036 635 2094 et
652 2031 843 2094 canonicum
862 2052 882 2094 a
901 2030 1043 2113 capitulo
1061 2037 1211 2114 receptus
1234 2030 1341 2111 fuerit,

63 2139 103 2203 de
127 2136 273 2218 dimidia,
298 2158 396 2219 quam
418 2137 488 2221 ipse
502 2135 611 2217 habet,
631 2158 669 2201 eo
684 2137 783 2200 etiam
807 2136 951 2217 absente,
971 2142 1083 2202 nostra
1106 2136 1208 2202 fretus
1232 2143 1341 2203 aucto-

61 2246 160 2308 ritate
185 2243 348 2326 disponas.
395 2241 496 2308 Vobis
526 2248 646 2323 antem,
679 2241 737 2305 filii
762 2242 882 2306 decane
910 2248 942 2306 et
970 2245 1130 2325 canonici,
1165 2245 1250 2308 sieut
1276 2245 1341 2307 iam

62 2349 206 2415 secundo
220 2348 429 2431 inhibuimus,
452 2350 549 2414 tertio
565 2370 694 2432 quoque
709 2349 902 2430 inhibemus,
927 2370 967 2414 ne
987 2350 1128 2432 aliquem
1150 2351 1185 2414 in
1208 2349 1340 2414 fratrem

62 2460 120 2521 aut
149 2455 341 2520 canonicum
372 2455 556 2538 aliquarum
586 2456 772 2520 litterarum
804 2455 939 2520 obtentu
967 2457 1112 2539 recipere
1135 2458 1340 2540 presumatis,

61 2563 165 2628 donec
188 2560 356 2645 prebenda
382 2563 552 2627 memorati
575 2561 717 2647 H(ervei)
749 2562 899 2645 primitus
929 2564 1117 2645 integretur.
1173 2563 1339 2646 Alioquin,

62 2668 195 2752 siquid
228 2673 342 2734 contra
372 2669 467 2733 huius
500 2669 646 2733 mandati
673 2668 775 2734 nostri
803 2674 950 2734 tenorem
979 2669 1077 2733 fuerit
1100 2674 1339 2752 attemptatum,

61 2797 121 2843 nos
145 2776 341 2840 auctoritate
365 2776 543 2858 apostolica
564 2776 694 2840 irritum
718 2775 919 2840 decernimus
944 2781 977 2840 et
998 2777 1105 2840 inane.

63 3044 141 3112 31¹7.
176 3047 340 3106 Aloanda
361 3047 413 3107 III
431 3047 642 3123 archiepiscopo
661 3046 842 3106 urrunnun·
859 3047 990 3120 mandat,
1014 3053 1131 3105 elocent
1143 3047 1341 3122 parochianos

174 3153 327 3230 quosdam,
350 3160 384 3213 ut
411 3155 561 3213 cononicis
583 3154 817 3214 Bilarr'eeose'bus
844 3153 972 3212 ablatem
998 3153 1141 3212 mamam
1167 3154 1201 3212 de
1227 3153 1341 3230 Oroptr's
1410 3191 1413 3200 ·

174 3259 302 3319 reddant

180 3360 251 3415 Bibl.
279 3366 336 3415 nat.
364 3360 451 3416 Paris.
477 3360 602 3417 Chartul.
630 3359 744 3415 Bituric.
772 3378 822 3415 ms.
850 3360 899 3416 lat.
927 3377 1010 3416 nour.
1038 3377 1118 3431 aequ.
1147 3359 1224 3414 1274.

579 3468 600 3504 s.
619 3463 688 3502 xm.
707 3448 754 3504 fol.
774 3448 830 3503 20¹³.

152 3573 340 3640 Alexander
358 3575 527 3658 episcopus
547 3595 658 3638 servus
678 3595 843 3639 servorum
859 3573 922 3638 Dei
942 3571 1119 3638 venerabili
1138 3572 1232 3637 fratri
1250 3572 1341 3635 Bitu·
1379 3575 1464 3634 1180

62 3683 183 3748 ricensi
197 3681 609 3765 archiepiscop01salutem
619 3685 652 3744 et
670 3680 882 3764 apostolicam
892 3678 1159 3745 benedictionem.
1191 3679 1343 3743 Pervenit
1360 3666 1421 3724 1³11·
1434 3666 1484 3722 25·

63 3790 105 3853 ad
120 3809 180 3854 nos
195 3809 235 3852 ex
249 3789 481 3870 conquestione
496 3787 688 3852 dilectorum
701 3785 842 3852 filiorum
856 3791 1040 3850 nostrorum
1060 3785 1174 3849 decani
1194 3790 1227 3849 et
1249 3806 1343 3849 cano-

62 3897 212 3960 nicorum
234 3895 390 3959 ecclesiae
413 3879 503 3976 tuae,
537 3893 624 3976 quod
648 3893 781 3975 quidam
803 3893 878 3957 laici
901 3891 1090 3976 parochiani
1122 3892 1171 3955 tui
1193 3891 1233 3956 Ε.
1257 3890 1343 3954 vide-

63 4001 143 4066 licet
166 3998 363 4083 Capacalida
386 4004 419 4065 et
440 4000 485 4064 M.
509 4000 550 4065 de
568 3999 648 4064 Luis
673 3999 830 4064 decimam
854 3998 894 4062 de
921 3996 1060 4081 Oroptis,
1085 4018 1168 4080 quae
1192 3997 1234 4060 ad
1258 3998 1344 4080 ipsos

64 4108 218 4192 pertinet,
244 4107 279 4170 in
307 4127 386 4171 suae
414 4107 530 4171 salutis
553 4105 733 4190 perieulum
757 4105 901 4169 detinere
929 4103 1138 4169 contendunt.
1186 4101 1345 4184 Quoniam

64 4215 167 4297 igitur
197 4235 262 4279 non
295 4213 392 4278 debes
424 4213 640 4296 inpatientia
669 4212 838 4292 sustinere,
866 4217 904 4274 ut
930 4210 1006 4274 laici
1038 4209 1180 4274 decimas
1203 4214 1345 4290 teneant,

65 4320 265 4385 fraternitati
296 4326 373 4384 tuae
405 4341 463 4402 per
491 4319 670 4403 apostolica
698 4319 820 4402 scripta
847 4316 1049 4397 mandamns,
1078 4316 1230 4398 quatinus
1254 4335 1345 4398 prae·

67 4427 173 4491 dictos
196 4426 297 4491 laicos
316 4425 460 4491 studiose
483 4445 616 4491 moneas
641 4429 674 4488 et
696 4422 844 4504 inducas,
869 4429 906 4486 ut
928 4422 1164 4506 praescriptam
1188 4419 1345 4486 decimam

159 4605 169 4635 ¹
187 4602 321 4659 Guarino.
