<?xml version="1.0" encoding="UTF-8"?>
<!DOCTYPE html PUBLIC "-//W3C//DTD XHTML 1.0 Transitional//EN"
    "http://www.w3.org/TR/xhtml1/DTD/xhtml1-transitional.dtd">
<html xmlns="http://www.w3.org/1999/xhtml" xml:lang="en" lang="en">
 <head>
  <title>
</title>
<meta http-equiv="Content-Type" content="text/html;charset=utf-8" />
  <meta name='ocr-system' content='tesseract 3.04.00' />
  <meta name='ocr-capabilities' content='ocr_page ocr_carea ocr_par ocr_line ocrx_word'/>
</head>
<body>
  <div class='ocr_page' id='page_1' title='image "./epistolaepontif00popegoog/epistolaepontif00popegoog_0090.png"; bbox 0 0 3098 5056; ppageno 0'>
   <div class='ocr_carea' id='block_1_1' title="bbox 432 243 1343 314">
    <p class='ocr_par' dir='ltr' id='par_1_1' title="bbox 432 243 1343 314">
     <span class='ocr_line' id='line_1_1' title="bbox 432 243 1343 314; baseline -0.01 0"><span class='ocrx_word' id='word_1_1' title='bbox 432 259 604 314; x_wconf 72' lang='lat' dir='ltr'>Pnscnanrs</span> <span class='ocrx_word' id='word_1_2' title='bbox 622 272 647 311; x_wconf 91' lang='lat'>11</span> <span class='ocrx_word' id='word_1_3' title='bbox 666 270 833 312; x_wconf 73' lang='lat' dir='ltr'>nrrsronun</span> <span class='ocrx_word' id='word_1_4' title='bbox 852 258 910 310; x_wconf 84' lang='lat'>147.</span> <span class='ocrx_word' id='word_1_5' title='bbox 932 257 983 312; x_wconf 88' lang='grc'>148</span> <span class='ocrx_word' id='word_1_6' title='bbox 1303 243 1343 305; x_wconf 85' lang='grc'>73</span> 
     </span>
    </p>
   </div>
   <div class='ocr_carea' id='block_1_2' title="bbox 62 416 1478 1341">
    <p class='ocr_par' dir='ltr' id='par_1_2' title="bbox 63 416 1478 1038">
     <span class='ocr_line' id='line_1_2' title="bbox 63 416 1478 506; baseline -0.003 -20"><span class='ocrx_word' id='word_1_7' title='bbox 63 427 137 506; x_wconf 89' lang='grc'>0001</span> <span class='ocrx_word' id='word_1_8' title='bbox 160 420 276 485; x_wconf 92' lang='lat' dir='ltr'>iudicii</span> <span class='ocrx_word' id='word_1_9' title='bbox 302 420 405 484; x_wconf 80' lang='lat' dir='ltr'>nostri</span> <span class='ocrx_word' id='word_1_10' title='bbox 425 419 652 485; x_wconf 88' lang='lat' dir='ltr'>diffinitionem</span> <span class='ocrx_word' id='word_1_11' title='bbox 675 423 919 502; x_wconf 89' lang='lat' dir='ltr'>praesumptum</span> <span class='ocrx_word' id='word_1_12' title='bbox 939 424 1076 500; x_wconf 89' lang='lat' dir='ltr'>constat,</span> <span class='ocrx_word' id='word_1_13' title='bbox 1102 419 1227 483; x_wconf 82' lang='lat' dir='ltr'>clericis</span> <span class='ocrx_word' id='word_1_14' title='bbox 1250 420 1343 484; x_wconf 88' lang='lat' dir='ltr'>resti·</span> <span class='ocrx_word' id='word_1_15' title='bbox 1366 416 1478 476; x_wconf 87' lang='lat'>1099-</span> 
     </span>
     <span class='ocr_line' id='line_1_3' title="bbox 63 506 1467 612; baseline -0.003 -19"><span class='ocrx_word' id='word_1_16' title='bbox 63 528 222 593; x_wconf 90' lang='lat' dir='ltr'>tuendnm</span> <span class='ocrx_word' id='word_1_17' title='bbox 246 527 473 612; x_wconf 88' lang='lat' dir='ltr'>praecipimus.</span> <span class='ocrx_word' id='word_1_18' title='bbox 519 525 662 590; x_wconf 84' lang='lat' dir='ltr'>Rursum</span> <span class='ocrx_word' id='word_1_19' title='bbox 695 525 724 589; x_wconf 92' lang='lat' dir='ltr'>si</span> <span class='ocrx_word' id='word_1_20' title='bbox 756 524 863 588; x_wconf 90' lang='lat' dir='ltr'>clerici</span> <span class='ocrx_word' id='word_1_21' title='bbox 888 523 1068 589; x_wconf 90' lang='lat' dir='ltr'>oblationes</span> <span class='ocrx_word' id='word_1_22' title='bbox 1101 527 1262 607; x_wconf 83' lang='lat' dir='ltr'>gratuitas</span> <span class='ocrx_word' id='word_1_23' title='bbox 1294 526 1344 591; x_wconf 86' lang='lat' dir='ltr'>vel</span> <span class='ocrx_word' id='word_1_24' title='bbox 1373 506 1467 569; x_wconf 72' lang='lat'>1115·</span> 
     </span>
     <span class='ocr_line' id='line_1_4' title="bbox 64 631 1344 716; baseline -0.002 -15"><span class='ocrx_word' id='word_1_25' title='bbox 64 635 261 701; x_wconf 83' lang='lat' dir='ltr'>elemosinas</span> <span class='ocrx_word' id='word_1_26' title='bbox 285 634 480 698; x_wconf 88' lang='lat' dir='ltr'>monasterio</span> <span class='ocrx_word' id='word_1_27' title='bbox 504 633 669 716; x_wconf 86' lang='lat' dir='ltr'>delegatas</span> <span class='ocrx_word' id='word_1_28' title='bbox 692 631 945 715; x_wconf 81' lang='lat' dir='ltr'>praeripuerint,</span> <span class='ocrx_word' id='word_1_29' title='bbox 974 632 1141 697; x_wconf 90' lang='lat' dir='ltr'>monachis</span> <span class='ocrx_word' id='word_1_30' title='bbox 1169 654 1241 697; x_wconf 91' lang='lat' dir='ltr'>cum</span> <span class='ocrx_word' id='word_1_31' title='bbox 1265 655 1344 716; x_wconf 90' lang='lat' dir='ltr'>pace</span> 
     </span>
     <span class='ocr_line' id='line_1_5' title="bbox 64 737 1343 822; baseline -0.002 -15"><span class='ocrx_word' id='word_1_32' title='bbox 64 745 251 807; x_wconf 89' lang='lat' dir='ltr'>restituant.</span> <span class='ocrx_word' id='word_1_33' title='bbox 289 741 341 806; x_wconf 90' lang='lat' dir='ltr'>De</span> <span class='ocrx_word' id='word_1_34' title='bbox 365 746 471 805; x_wconf 91' lang='lat' dir='ltr'>cetero</span> <span class='ocrx_word' id='word_1_35' title='bbox 495 740 660 821; x_wconf 90' lang='lat' dir='ltr'>iudicium,</span> <span class='ocrx_word' id='word_1_36' title='bbox 681 740 765 803; x_wconf 90' lang='lat' dir='ltr'>sicut</span> <span class='ocrx_word' id='word_1_37' title='bbox 784 760 803 802; x_wconf 92' lang='lat' dir='ltr'>a</span> <span class='ocrx_word' id='word_1_38' title='bbox 826 737 982 802; x_wconf 84' lang='lat' dir='ltr'>fratribus</span> <span class='ocrx_word' id='word_1_39' title='bbox 1006 739 1124 803; x_wconf 89' lang='lat' dir='ltr'>nostris</span> <span class='ocrx_word' id='word_1_40' title='bbox 1149 739 1260 804; x_wconf 91' lang='lat' dir='ltr'>datum</span> <span class='ocrx_word' id='word_1_41' title='bbox 1285 746 1343 822; x_wconf 94' lang='lat' dir='ltr'>est,</span> 
     </span>
     <span class='ocr_line' id='line_1_6' title="bbox 64 844 1344 927; baseline -0.004 -11"><span class='ocrx_word' id='word_1_42' title='bbox 64 851 195 916; x_wconf 91' lang='lat' dir='ltr'>omnino</span> <span class='ocrx_word' id='word_1_43' title='bbox 231 849 334 914; x_wconf 88' lang='lat' dir='ltr'>facias</span> <span class='ocrx_word' id='word_1_44' title='bbox 367 847 561 914; x_wconf 87' lang='lat' dir='ltr'>conservari.</span> <span class='ocrx_word' id='word_1_45' title='bbox 607 845 759 910; x_wconf 90' lang='lat' dir='ltr'>Decimas</span> <span class='ocrx_word' id='word_1_46' title='bbox 793 845 832 909; x_wconf 88' lang='lat' dir='ltr'>de</span> <span class='ocrx_word' id='word_1_47' title='bbox 864 844 967 927; x_wconf 86' lang='lat' dir='ltr'>burgo</span> <span class='ocrx_word' id='word_1_48' title='bbox 995 846 1042 910; x_wconf 89' lang='lat' dir='ltr'>ita</span> <span class='ocrx_word' id='word_1_49' title='bbox 1071 868 1150 911; x_wconf 91' lang='lat' dir='ltr'>sano</span> <span class='ocrx_word' id='word_1_50' title='bbox 1177 847 1344 911; x_wconf 89' lang='lat' dir='ltr'>intellectu</span> 
     </span>
     <span class='ocr_line' id='line_1_7' title="bbox 64 952 1343 1038; baseline -0.002 -17"><span class='ocrx_word' id='word_1_51' title='bbox 64 958 240 1038; x_wconf 90' lang='lat' dir='ltr'>sentimus,</span> <span class='ocrx_word' id='word_1_52' title='bbox 267 954 302 1019; x_wconf 90' lang='lat' dir='ltr'>id</span> <span class='ocrx_word' id='word_1_53' title='bbox 325 960 376 1020; x_wconf 90' lang='lat' dir='ltr'>est</span> <span class='ocrx_word' id='word_1_54' title='bbox 398 954 438 1019; x_wconf 93' lang='lat' dir='ltr'>de</span> <span class='ocrx_word' id='word_1_55' title='bbox 462 960 568 1018; x_wconf 91' lang='lat' dir='ltr'>terrae</span> <span class='ocrx_word' id='word_1_56' title='bbox 588 952 745 1035; x_wconf 86' lang='lat' dir='ltr'>frugibus,</span> <span class='ocrx_word' id='word_1_57' title='bbox 771 952 811 1016; x_wconf 93' lang='lat' dir='ltr'>de</span> <span class='ocrx_word' id='word_1_58' title='bbox 835 952 1039 1034; x_wconf 78' lang='lat' dir='ltr'>animalibus,</span> <span class='ocrx_word' id='word_1_59' title='bbox 1064 953 1130 1017; x_wconf 88' lang='lat' dir='ltr'>sive</span> <span class='ocrx_word' id='word_1_60' title='bbox 1154 952 1194 1017; x_wconf 89' lang='lat' dir='ltr'>de</span> <span class='ocrx_word' id='word_1_61' title='bbox 1218 956 1343 1037; x_wconf 90' lang='lat' dir='ltr'>ceteris,</span> 
     </span>
    </p>

    <p class='ocr_par' dir='ltr' id='par_1_3' title="bbox 63 1059 1343 1146">
     <span class='ocr_line' id='line_1_8' title="bbox 63 1059 1343 1146; baseline 0 -19"><span class='ocrx_word' id='word_1_62' title='bbox 63 1085 148 1146; x_wconf 88' lang='lat' dir='ltr'>quae</span> <span class='ocrx_word' id='word_1_63' title='bbox 171 1063 384 1145; x_wconf 86' lang='lat' dir='ltr'>burgensium</span> <span class='ocrx_word' id='word_1_64' title='bbox 406 1062 535 1126; x_wconf 90' lang='lat' dir='ltr'>illorum</span> <span class='ocrx_word' id='word_1_65' title='bbox 558 1060 726 1125; x_wconf 89' lang='lat' dir='ltr'>laboribus</span> <span class='ocrx_word' id='word_1_66' title='bbox 746 1065 983 1142; x_wconf 79' lang='lat' dir='ltr'>comparantur.</span> <span class='ocrx_word' id='word_1_67' title='bbox 1022 1059 1055 1124; x_wconf 84' lang='lat' dir='ltr'>Si</span> <span class='ocrx_word' id='word_1_68' title='bbox 1080 1083 1145 1143; x_wconf 89' lang='lat' dir='ltr'>qua</span> <span class='ocrx_word' id='word_1_69' title='bbox 1168 1082 1243 1126; x_wconf 84' lang='lat' dir='ltr'>vero</span> <span class='ocrx_word' id='word_1_70' title='bbox 1266 1085 1343 1145; x_wconf 91' lang='lat' dir='ltr'>pars</span> 
     </span>
    </p>

    <p class='ocr_par' dir='ltr' id='par_1_4' title="bbox 62 1166 1343 1341">
     <span class='ocr_line' id='line_1_9' title="bbox 62 1166 1343 1251; baseline -0.001 -17"><span class='ocrx_word' id='word_1_71' title='bbox 62 1170 111 1234; x_wconf 91' lang='lat' dir='ltr'>his</span> <span class='ocrx_word' id='word_1_72' title='bbox 136 1170 327 1235; x_wconf 83' lang='lat' dir='ltr'>constitutis</span> <span class='ocrx_word' id='word_1_73' title='bbox 351 1167 482 1234; x_wconf 91' lang='lat' dir='ltr'>obedire</span> <span class='ocrx_word' id='word_1_74' title='bbox 501 1168 742 1251; x_wconf 73' lang='lat' dir='ltr'>contempserit,</span> <span class='ocrx_word' id='word_1_75' title='bbox 766 1172 824 1231; x_wconf 91' lang='lat' dir='ltr'>tua</span> <span class='ocrx_word' id='word_1_76' title='bbox 847 1166 992 1249; x_wconf 89' lang='lat' dir='ltr'>interest,</span> <span class='ocrx_word' id='word_1_77' title='bbox 1013 1188 1068 1232; x_wconf 91' lang='lat' dir='ltr'>eos</span> <span class='ocrx_word' id='word_1_78' title='bbox 1092 1167 1273 1234; x_wconf 89' lang='lat' dir='ltr'>exhibenda</span> <span class='ocrx_word' id='word_1_79' title='bbox 1296 1170 1343 1233; x_wconf 94' lang='lat' dir='ltr'>iu-</span> 
     </span>
     <span class='ocr_line' id='line_1_10' title="bbox 62 1275 386 1341; baseline -0.003 0"><span class='ocrx_word' id='word_1_80' title='bbox 62 1277 176 1341; x_wconf 80' lang='lat' dir='ltr'>sticia·</span> <span class='ocrx_word' id='word_1_81' title='bbox 205 1275 386 1341; x_wconf 84' lang='lat' dir='ltr'>cohercere.</span> 
     </span>
    </p>
   </div>
   <div class='ocr_carea' id='block_1_3' title="bbox 600 1420 812 1428">
    <p class='ocr_par' dir='ltr' id='par_1_5' title="bbox 600 1420 812 1428">
     <span class='ocr_line' id='line_1_11' title="bbox 600 1420 812 1428; baseline -0.005 0"><span class='ocrx_word' id='word_1_82' title='bbox 600 1423 624 1428; x_wconf 88' lang='lat'>--</span> <span class='ocrx_word' id='word_1_83' title='bbox 632 1420 812 1428; x_wconf 67' lang='lat'>————-</span> 
     </span>
    </p>
   </div>
   <div class='ocr_carea' id='block_1_4' title="bbox 63 1616 1343 1905">
    <p class='ocr_par' dir='ltr' id='par_1_6' title="bbox 63 1616 1343 1905">
     <span class='ocr_line' id='line_1_12' title="bbox 63 1616 1343 1696; baseline 0 -17"><span class='ocrx_word' id='word_1_84' title='bbox 63 1617 145 1685; x_wconf 84' lang='lat'>147.</span> <span class='ocrx_word' id='word_1_85' title='bbox 178 1619 332 1678; x_wconf 68' lang='lat' dir='ltr'>Paschalis</span> <span class='ocrx_word' id='word_1_86' title='bbox 354 1618 391 1677; x_wconf 90' lang='lat' dir='ltr'>II</span> <span class='ocrx_word' id='word_1_87' title='bbox 408 1618 599 1677; x_wconf 74' lang='lat' dir='ltr'>Lootbertum</span> <span class='ocrx_word' id='word_1_88' title='bbox 628 1616 794 1693; x_wconf 66' lang='grc'>0000001001</span> <span class='ocrx_word' id='word_1_89' title='bbox 817 1617 1031 1675; x_wconf 77' lang='lat' dir='ltr'>Atrebateasem</span> <span class='ocrx_word' id='word_1_90' title='bbox 1058 1619 1197 1677; x_wconf 77' lang='grc'>00101100</span> <span class='ocrx_word' id='word_1_91' title='bbox 1218 1621 1343 1696; x_wconf 74' lang='lat' dir='ltr'>peccatis</span> 
     </span>
     <span class='ocr_line' id='line_1_13' title="bbox 176 1726 285 1785; baseline -0.009 0"><span class='ocrx_word' id='word_1_92' title='bbox 176 1726 285 1785; x_wconf 69' lang='lat' dir='ltr'>liberat.</span> 
     </span>
     <span class='ocr_line' id='line_1_14' title="bbox 253 1825 1151 1905; baseline -0.001 -24"><span class='ocrx_word' id='word_1_93' title='bbox 253 1827 324 1883; x_wconf 82' lang='lat' dir='ltr'>BibL</span> <span class='ocrx_word' id='word_1_94' title='bbox 343 1833 401 1882; x_wconf 82' lang='lat' dir='ltr'>nat.</span> <span class='ocrx_word' id='word_1_95' title='bbox 420 1826 507 1882; x_wconf 89' lang='lat' dir='ltr'>Paris.</span> <span class='ocrx_word' id='word_1_96' title='bbox 527 1825 597 1881; x_wconf 86' lang='lat' dir='ltr'>Ooll.</span> <span class='ocrx_word' id='word_1_97' title='bbox 616 1825 720 1905; x_wconf 76' lang='lat' dir='ltr'>Baluze</span> <span class='ocrx_word' id='word_1_98' title='bbox 738 1828 771 1880; x_wconf 81' lang='lat'>57</span> <span class='ocrx_word' id='word_1_99' title='bbox 791 1825 839 1881; x_wconf 88' lang='lat' dir='ltr'>fol.</span> <span class='ocrx_word' id='word_1_100' title='bbox 857 1826 910 1880; x_wconf 84' lang='lat'>425</span> <span class='ocrx_word' id='word_1_101' title='bbox 930 1843 1016 1880; x_wconf 78' lang='lat' dir='ltr'>manu</span> <span class='ocrx_word' id='word_1_102' title='bbox 1033 1844 1054 1881; x_wconf 90' lang='grc'>0.</span> <span class='ocrx_word' id='word_1_103' title='bbox 1073 1840 1151 1882; x_wconf 80' lang='lat' dir='ltr'>xvn.</span> 
     </span>
    </p>
   </div>
   <div class='ocr_carea' id='block_1_5' title="bbox 151 1944 1476 2093">
    <p class='ocr_par' dir='ltr' id='par_1_7' title="bbox 151 1944 1476 2093">
     <span class='ocr_line' id='line_1_15' title="bbox 151 1944 1476 2093; baseline -0.008 -39"><span class='ocrx_word' id='word_1_104' title='bbox 151 1987 324 2053; x_wconf 89' lang='lat' dir='ltr'>Paschalis</span> <span class='ocrx_word' id='word_1_105' title='bbox 343 1989 513 2072; x_wconf 87' lang='lat' dir='ltr'>episcopus</span> <span class='ocrx_word' id='word_1_106' title='bbox 533 2008 644 2052; x_wconf 88' lang='lat' dir='ltr'>servus</span> <span class='ocrx_word' id='word_1_107' title='bbox 659 2008 825 2051; x_wconf 87' lang='lat' dir='ltr'>servorum</span> <span class='ocrx_word' id='word_1_108' title='bbox 843 1986 905 2050; x_wconf 91' lang='lat' dir='ltr'>Dei</span> <span class='ocrx_word' id='word_1_109' title='bbox 925 1986 1102 2051; x_wconf 87' lang='lat' dir='ltr'>venerabili</span> <span class='ocrx_word' id='word_1_110' title='bbox 1122 1986 1216 2051; x_wconf 85' lang='lat' dir='ltr'>fratri</span> <span class='ocrx_word' id='word_1_111' title='bbox 1234 1987 1342 2071; x_wconf 66' lang='lat' dir='ltr'>Idam·</span> <span class='ocrx_word' id='word_1_112' title='bbox 1363 1944 1476 2093; x_wconf 54' lang='lat' dir='ltr'>illib—</span> 
     </span>
    </p>
   </div>
   <div class='ocr_carea' id='block_1_6' title="bbox 61 2093 1342 2693">
    <p class='ocr_par' dir='ltr' id='par_1_8' title="bbox 61 2093 1342 2693">
     <span class='ocr_line' id='line_1_16' title="bbox 61 2093 1341 2181; baseline -0.002 -20"><span class='ocrx_word' id='word_1_113' title='bbox 61 2096 169 2181; x_wconf 87' lang='lat' dir='ltr'>berto)</span> <span class='ocrx_word' id='word_1_114' title='bbox 192 2095 404 2161; x_wconf 88' lang='lat' dir='ltr'>Atrebatensi</span> <span class='ocrx_word' id='word_1_115' title='bbox 432 2095 583 2178; x_wconf 91' lang='lat' dir='ltr'>episcopo</span> <span class='ocrx_word' id='word_1_116' title='bbox 607 2093 745 2158; x_wconf 89' lang='lat' dir='ltr'>salutem</span> <span class='ocrx_word' id='word_1_117' title='bbox 774 2099 807 2158; x_wconf 96' lang='grc'>01</span> <span class='ocrx_word' id='word_1_118' title='bbox 834 2093 1046 2176; x_wconf 87' lang='lat' dir='ltr'>apostolicam</span> <span class='ocrx_word' id='word_1_119' title='bbox 1074 2093 1341 2159; x_wconf 90' lang='lat' dir='ltr'>benedictionem.</span> 
     </span>
     <span class='ocr_line' id='line_1_17' title="bbox 61 2201 1342 2284; baseline 0.001 -19"><span class='ocrx_word' id='word_1_120' title='bbox 61 2202 128 2266; x_wconf 90' lang='lat' dir='ltr'>Per</span> <span class='ocrx_word' id='word_1_121' title='bbox 140 2203 260 2266; x_wconf 85' lang='lat' dir='ltr'>merita</span> <span class='ocrx_word' id='word_1_122' title='bbox 273 2202 390 2267; x_wconf 88' lang='lat' dir='ltr'>beatae</span> <span class='ocrx_word' id='word_1_123' title='bbox 400 2202 525 2266; x_wconf 87' lang='lat' dir='ltr'>Mariae</span> <span class='ocrx_word' id='word_1_124' title='bbox 540 2222 667 2284; x_wconf 89' lang='lat' dir='ltr'>semper</span> <span class='ocrx_word' id='word_1_125' title='bbox 680 2201 813 2282; x_wconf 87' lang='lat' dir='ltr'>virginis</span> <span class='ocrx_word' id='word_1_126' title='bbox 829 2207 862 2265; x_wconf 92' lang='lat' dir='ltr'>et</span> <span class='ocrx_word' id='word_1_127' title='bbox 872 2203 1034 2266; x_wconf 91' lang='lat' dir='ltr'>orationes</span> <span class='ocrx_word' id='word_1_128' title='bbox 1045 2207 1231 2266; x_wconf 90' lang='lat' dir='ltr'>sanctorum</span> <span class='ocrx_word' id='word_1_129' title='bbox 1246 2223 1342 2284; x_wconf 84' lang='lat' dir='ltr'>ange·</span> 
     </span>
     <span class='ocr_line' id='line_1_18' title="bbox 61 2307 1342 2392; baseline 0 -20"><span class='ocrx_word' id='word_1_130' title='bbox 61 2309 169 2373; x_wconf 92' lang='lat' dir='ltr'>lorum</span> <span class='ocrx_word' id='word_1_131' title='bbox 193 2314 227 2373; x_wconf 91' lang='lat' dir='ltr'>et</span> <span class='ocrx_word' id='word_1_132' title='bbox 253 2308 423 2374; x_wconf 88' lang='lat' dir='ltr'>beatorum</span> <span class='ocrx_word' id='word_1_133' title='bbox 446 2307 667 2392; x_wconf 90' lang='lat' dir='ltr'>apostolorum</span> <span class='ocrx_word' id='word_1_134' title='bbox 695 2308 901 2389; x_wconf 91' lang='lat' dir='ltr'>omniumque</span> <span class='ocrx_word' id='word_1_135' title='bbox 925 2314 1111 2373; x_wconf 90' lang='lat' dir='ltr'>sanctorum</span> <span class='ocrx_word' id='word_1_136' title='bbox 1140 2309 1342 2391; x_wconf 90' lang='lat' dir='ltr'>omnipotens</span> 
     </span>
     <span class='ocr_line' id='line_1_19' title="bbox 61 2413 1342 2498; baseline 0.001 -19"><span class='ocrx_word' id='word_1_137' title='bbox 61 2415 224 2481; x_wconf 90' lang='lat' dir='ltr'>Dominus</span> <span class='ocrx_word' id='word_1_138' title='bbox 247 2421 290 2497; x_wconf 91' lang='lat' dir='ltr'>te,</span> <span class='ocrx_word' id='word_1_139' title='bbox 316 2417 499 2480; x_wconf 90' lang='lat' dir='ltr'>carrissime</span> <span class='ocrx_word' id='word_1_140' title='bbox 522 2415 623 2479; x_wconf 89' lang='lat' dir='ltr'>frater</span> <span class='ocrx_word' id='word_1_141' title='bbox 646 2413 822 2478; x_wconf 87' lang='lat' dir='ltr'>Lamberte</span> <span class='ocrx_word' id='word_1_142' title='bbox 846 2415 1006 2498; x_wconf 90' lang='lat' dir='ltr'>episcope,</span> <span class='ocrx_word' id='word_1_143' title='bbox 1031 2415 1073 2479; x_wconf 90' lang='lat' dir='ltr'>ab</span> <span class='ocrx_word' id='word_1_144' title='bbox 1098 2415 1245 2479; x_wconf 92' lang='lat' dir='ltr'>omnibus</span> <span class='ocrx_word' id='word_1_145' title='bbox 1270 2438 1342 2498; x_wconf 91' lang='lat' dir='ltr'>pec-</span> 
     </span>
     <span class='ocr_line' id='line_1_20' title="bbox 62 2520 1342 2603; baseline 0.002 -18"><span class='ocrx_word' id='word_1_146' title='bbox 62 2523 145 2586; x_wconf 89' lang='lat' dir='ltr'>catis</span> <span class='ocrx_word' id='word_1_147' title='bbox 171 2522 320 2588; x_wconf 86' lang='lat' dir='ltr'>absolvat</span> <span class='ocrx_word' id='word_1_148' title='bbox 352 2528 385 2588; x_wconf 92' lang='lat' dir='ltr'>et</span> <span class='ocrx_word' id='word_1_149' title='bbox 417 2523 594 2588; x_wconf 89' lang='lat' dir='ltr'>secundum</span> <span class='ocrx_word' id='word_1_150' title='bbox 626 2520 723 2585; x_wconf 89' lang='lat' dir='ltr'>fidem</span> <span class='ocrx_word' id='word_1_151' title='bbox 754 2527 845 2584; x_wconf 94' lang='lat' dir='ltr'>tuam</span> <span class='ocrx_word' id='word_1_152' title='bbox 877 2522 1003 2603; x_wconf 87' lang='lat' dir='ltr'>gratiae</span> <span class='ocrx_word' id='word_1_153' title='bbox 1036 2543 1114 2586; x_wconf 91' lang='lat' dir='ltr'>suae</span> <span class='ocrx_word' id='word_1_154' title='bbox 1137 2523 1198 2587; x_wconf 92' lang='lat' dir='ltr'>tibi</span> <span class='ocrx_word' id='word_1_155' title='bbox 1225 2545 1342 2588; x_wconf 90' lang='lat' dir='ltr'>munus</span> 
     </span>
     <span class='ocr_line' id='line_1_21' title="bbox 62 2629 283 2693; baseline 0 0"><span class='ocrx_word' id='word_1_156' title='bbox 62 2629 283 2693; x_wconf 82' lang='lat' dir='ltr'>accumulet·</span> 
     </span>
    </p>
   </div>
   <div class='ocr_carea' id='block_1_7' title="bbox 61 2972 1342 3157">
    <p class='ocr_par' dir='ltr' id='par_1_9' title="bbox 61 2972 1342 3157">
     <span class='ocr_line' id='line_1_22' title="bbox 61 2972 1342 3049; baseline -0.003 -12"><span class='ocrx_word' id='word_1_157' title='bbox 61 2972 147 3037; x_wconf 83' lang='lat'>148.</span> <span class='ocrx_word' id='word_1_158' title='bbox 177 2973 331 3031; x_wconf 80' lang='lat' dir='ltr'>Paschalis</span> <span class='ocrx_word' id='word_1_159' title='bbox 358 2973 393 3033; x_wconf 89' lang='grc' dir='ltr'>ΙΙ</span> <span class='ocrx_word' id='word_1_160' title='bbox 417 2973 572 3032; x_wconf 83' lang='lat' dir='ltr'>Lamberto</span> <span class='ocrx_word' id='word_1_161' title='bbox 604 2973 734 3049; x_wconf 83' lang='lat' dir='ltr'>episcopo</span> <span class='ocrx_word' id='word_1_162' title='bbox 767 2973 948 3032; x_wconf 77' lang='lat' dir='ltr'>Atrebatensi</span> <span class='ocrx_word' id='word_1_163' title='bbox 979 2973 1120 3049; x_wconf 76' lang='grc'>10101001,</span> <span class='ocrx_word' id='word_1_164' title='bbox 1153 2981 1187 3034; x_wconf 85' lang='lat' dir='ltr'>ot</span> <span class='ocrx_word' id='word_1_165' title='bbox 1216 2976 1251 3033; x_wconf 77' lang='lat' dir='ltr'>io</span> <span class='ocrx_word' id='word_1_166' title='bbox 1278 2976 1342 3034; x_wconf 81' lang='lat' dir='ltr'>etos</span> 
     </span>
     <span class='ocr_line' id='line_1_23' title="bbox 175 3079 1293 3157; baseline 0.002 -18"><span class='ocrx_word' id='word_1_167' title='bbox 175 3085 334 3156; x_wconf 75' lang='lat' dir='ltr'>„potestate</span> <span class='ocrx_word' id='word_1_168' title='bbox 355 3080 521 3157; x_wconf 77' lang='lat' dir='ltr'>iudicioque</span> <span class='ocrx_word' id='word_1_169' title='bbox 542 3099 643 3139; x_wconf 80' lang='lat' dir='ltr'>reram</span> <span class='ocrx_word' id='word_1_170' title='bbox 665 3080 922 3140; x_wconf 70' lang='lat' dir='ltr'>metesiosto‘eorom</span> <span class='ocrx_word' id='word_1_171' title='bbox 945 3079 1123 3155; x_wconf 76' lang='lat' dir='ltr'>dispensatio</span> <span class='ocrx_word' id='word_1_172' title='bbox 1145 3088 1293 3141; x_wconf 63' lang='grc' dir='ltr'>1000001(ί</span> 
     </span>
    </p>
   </div>
   <div class='ocr_carea' id='block_1_8' title="bbox 250 3198 1445 3325">
    <p class='ocr_par' dir='ltr' id='par_1_10' title="bbox 250 3198 1445 3325">
     <span class='ocr_line' id='line_1_24' title="bbox 250 3198 1445 3325; baseline 0.062 -73"><span class='ocrx_word' id='word_1_173' title='bbox 250 3198 322 3253; x_wconf 86' lang='lat' dir='ltr'>Bibl.</span> <span class='ocrx_word' id='word_1_174' title='bbox 340 3205 398 3254; x_wconf 85' lang='lat' dir='ltr'>nat.</span> <span class='ocrx_word' id='word_1_175' title='bbox 417 3199 503 3254; x_wconf 87' lang='lat' dir='ltr'>Paris.</span> <span class='ocrx_word' id='word_1_176' title='bbox 523 3199 592 3255; x_wconf 76' lang='lat' dir='ltr'>(toll.</span> <span class='ocrx_word' id='word_1_177' title='bbox 612 3199 715 3254; x_wconf 86' lang='lat' dir='ltr'>Baluze</span> <span class='ocrx_word' id='word_1_178' title='bbox 734 3201 767 3255; x_wconf 80' lang='lat'>57</span> <span class='ocrx_word' id='word_1_179' title='bbox 786 3199 834 3255; x_wconf 87' lang='lat' dir='ltr'>fol.</span> <span class='ocrx_word' id='word_1_180' title='bbox 853 3199 905 3253; x_wconf 83' lang='grc'>427</span> <span class='ocrx_word' id='word_1_181' title='bbox 925 3216 1011 3254; x_wconf 85' lang='lat' dir='ltr'>manu</span> <span class='ocrx_word' id='word_1_182' title='bbox 1029 3218 1051 3254; x_wconf 92' lang='grc'>0.</span> <span class='ocrx_word' id='word_1_183' title='bbox 1070 3215 1148 3256; x_wconf 83' lang='lat' dir='ltr'>xvn·</span> <span class='ocrx_word' id='word_1_184' title='bbox 1361 3267 1445 3325; x_wconf 88' lang='grc'>1099</span> 
     </span>
    </p>
   </div>
   <div class='ocr_carea' id='block_1_9' title="bbox 61 3356 1465 4515">
    <p class='ocr_par' dir='ltr' id='par_1_11' title="bbox 61 3356 1465 4515">
     <span class='ocr_line' id='line_1_25' title="bbox 151 3356 1465 3444; baseline 0.005 -21"><span class='ocrx_word' id='word_1_185' title='bbox 151 3359 323 3424; x_wconf 89' lang='lat' dir='ltr'>Paschalis</span> <span class='ocrx_word' id='word_1_186' title='bbox 347 3362 516 3444; x_wconf 90' lang='lat' dir='ltr'>episcopus</span> <span class='ocrx_word' id='word_1_187' title='bbox 537 3381 649 3425; x_wconf 90' lang='lat' dir='ltr'>servus</span> <span class='ocrx_word' id='word_1_188' title='bbox 669 3382 834 3426; x_wconf 90' lang='lat' dir='ltr'>servorum</span> <span class='ocrx_word' id='word_1_189' title='bbox 853 3359 916 3424; x_wconf 89' lang='lat' dir='ltr'>Dei</span> <span class='ocrx_word' id='word_1_190' title='bbox 935 3361 1112 3425; x_wconf 88' lang='lat' dir='ltr'>venerabili</span> <span class='ocrx_word' id='word_1_191' title='bbox 1131 3361 1225 3427; x_wconf 86' lang='lat' dir='ltr'>fratri</span> <span class='ocrx_word' id='word_1_192' title='bbox 1243 3363 1340 3428; x_wconf 86' lang='lat' dir='ltr'>Lam·</span> <span class='ocrx_word' id='word_1_193' title='bbox 1370 3356 1465 3416; x_wconf 83' lang='lat'>1115·</span> 
     </span>
     <span class='ocr_line' id='line_1_26' title="bbox 61 3465 1339 3551; baseline 0.005 -20"><span class='ocrx_word' id='word_1_194' title='bbox 61 3467 154 3532; x_wconf 86' lang='lat' dir='ltr'>berto</span> <span class='ocrx_word' id='word_1_195' title='bbox 178 3465 392 3531; x_wconf 81' lang='lat' dir='ltr'>Atrebatensi</span> <span class='ocrx_word' id='word_1_196' title='bbox 415 3468 566 3550; x_wconf 91' lang='lat' dir='ltr'>episcopo</span> <span class='ocrx_word' id='word_1_197' title='bbox 599 3468 738 3532; x_wconf 89' lang='lat' dir='ltr'>salutem</span> <span class='ocrx_word' id='word_1_198' title='bbox 769 3472 802 3532; x_wconf 92' lang='lat' dir='ltr'>et</span> <span class='ocrx_word' id='word_1_199' title='bbox 833 3468 1044 3551; x_wconf 89' lang='lat' dir='ltr'>apostolicam</span> <span class='ocrx_word' id='word_1_200' title='bbox 1071 3467 1339 3537; x_wconf 89' lang='lat' dir='ltr'>benedictionem.</span> 
     </span>
     <span class='ocr_line' id='line_1_27' title="bbox 61 3573 1341 3659; baseline 0.004 -21"><span class='ocrx_word' id='word_1_201' title='bbox 61 3573 143 3638; x_wconf 80' lang='lat' dir='ltr'>Cum</span> <span class='ocrx_word' id='word_1_202' title='bbox 172 3593 226 3654; x_wconf 90' lang='lat' dir='ltr'>ea,</span> <span class='ocrx_word' id='word_1_203' title='bbox 261 3594 346 3656; x_wconf 91' lang='lat' dir='ltr'>quae</span> <span class='ocrx_word' id='word_1_204' title='bbox 377 3574 533 3638; x_wconf 90' lang='lat' dir='ltr'>ecclesiae</span> <span class='ocrx_word' id='word_1_205' title='bbox 562 3580 651 3656; x_wconf 90' lang='lat' dir='ltr'>sunt,</span> <span class='ocrx_word' id='word_1_206' title='bbox 684 3574 803 3639; x_wconf 91' lang='lat' dir='ltr'>iudicio</span> <span class='ocrx_word' id='word_1_207' title='bbox 830 3580 863 3639; x_wconf 92' lang='lat' dir='ltr'>et</span> <span class='ocrx_word' id='word_1_208' title='bbox 890 3580 1053 3658; x_wconf 88' lang='lat' dir='ltr'>potestate</span> <span class='ocrx_word' id='word_1_209' title='bbox 1081 3575 1256 3659; x_wconf 90' lang='lat' dir='ltr'>pontificis,</span> <span class='ocrx_word' id='word_1_210' title='bbox 1289 3581 1341 3643; x_wconf 92' lang='grc'>001</span> 
     </span>
     <span class='ocr_line' id='line_1_28' title="bbox 61 3681 1340 3765; baseline 0.004 -21"><span class='ocrx_word' id='word_1_211' title='bbox 61 3681 255 3745; x_wconf 88' lang='lat' dir='ltr'>commissus</span> <span class='ocrx_word' id='word_1_212' title='bbox 281 3681 502 3764; x_wconf 89' lang='grc'>0010000100,</span> <span class='ocrx_word' id='word_1_213' title='bbox 527 3681 746 3764; x_wconf 89' lang='lat' dir='ltr'>dispensanda</span> <span class='ocrx_word' id='word_1_214' title='bbox 769 3683 844 3762; x_wconf 89' lang='lat' dir='ltr'>sint,</span> <span class='ocrx_word' id='word_1_215' title='bbox 869 3683 1026 3746; x_wconf 92' lang='lat' dir='ltr'>miramur</span> <span class='ocrx_word' id='word_1_216' title='bbox 1045 3684 1210 3765; x_wconf 88' lang='lat' dir='ltr'>quandam</span> <span class='ocrx_word' id='word_1_217' title='bbox 1233 3685 1267 3748; x_wconf 91' lang='lat' dir='ltr'>in</span> <span class='ocrx_word' id='word_1_218' title='bbox 1291 3707 1340 3750; x_wconf 91' lang='lat' dir='ltr'>ec-</span> 
     </span>
     <span class='ocr_line' id='line_1_29' title="bbox 61 3787 1340 3876; baseline 0.004 -25"><span class='ocrx_word' id='word_1_219' title='bbox 61 3787 162 3852; x_wconf 88' lang='lat' dir='ltr'>clesia</span> <span class='ocrx_word' id='word_1_220' title='bbox 176 3792 236 3850; x_wconf 93' lang='lat' dir='ltr'>tua</span> <span class='ocrx_word' id='word_1_221' title='bbox 250 3787 516 3852; x_wconf 90' lang='lat' dir='ltr'>consuetudinem</span> <span class='ocrx_word' id='word_1_222' title='bbox 531 3788 687 3853; x_wconf 91' lang='lat' dir='ltr'>hactenus</span> <span class='ocrx_word' id='word_1_223' title='bbox 705 3788 900 3870; x_wconf 83' lang='lat' dir='ltr'>conservari,</span> <span class='ocrx_word' id='word_1_224' title='bbox 924 3795 961 3853; x_wconf 89' lang='lat' dir='ltr'>ut</span> <span class='ocrx_word' id='word_1_225' title='bbox 983 3789 1134 3854; x_wconf 90' lang='lat' dir='ltr'>videlicet</span> <span class='ocrx_word' id='word_1_226' title='bbox 1155 3792 1189 3855; x_wconf 90' lang='lat' dir='ltr'>in</span> <span class='ocrx_word' id='word_1_227' title='bbox 1212 3791 1340 3876; x_wconf 90' lang='lat' dir='ltr'>dispen-</span> 
     </span>
     <span class='ocr_line' id='line_1_30' title="bbox 61 3893 1339 3979; baseline 0.005 -21"><span class='ocrx_word' id='word_1_228' title='bbox 61 3893 246 3959; x_wconf 86' lang='lat' dir='ltr'>sationibus</span> <span class='ocrx_word' id='word_1_229' title='bbox 270 3894 540 3979; x_wconf 88' lang='lat' dir='ltr'>praebendarum,</span> <span class='ocrx_word' id='word_1_230' title='bbox 565 3896 755 3961; x_wconf 91' lang='lat' dir='ltr'>clericorum</span> <span class='ocrx_word' id='word_1_231' title='bbox 779 3896 822 3959; x_wconf 91' lang='lat' dir='ltr'>sit</span> <span class='ocrx_word' id='word_1_232' title='bbox 844 3898 1031 3979; x_wconf 89' lang='lat' dir='ltr'>potestatis,</span> <span class='ocrx_word' id='word_1_233' title='bbox 1056 3898 1188 3962; x_wconf 87' lang='lat' dir='ltr'>tertiam</span> <span class='ocrx_word' id='word_1_234' title='bbox 1212 3900 1339 3964; x_wconf 73' lang='grc'>00110-</span> 
     </span>
     <span class='ocr_line' id='line_1_31' title="bbox 61 4000 1338 4086; baseline 0.005 -22"><span class='ocrx_word' id='word_1_235' title='bbox 61 4001 183 4066; x_wconf 92' lang='lat' dir='ltr'>luerint</span> <span class='ocrx_word' id='word_1_236' title='bbox 207 4003 277 4066; x_wconf 91' lang='lat' dir='ltr'>sine</span> <span class='ocrx_word' id='word_1_237' title='bbox 299 4002 418 4067; x_wconf 92' lang='lat' dir='ltr'>iudicio</span> <span class='ocrx_word' id='word_1_238' title='bbox 442 4002 662 4086; x_wconf 89' lang='lat' dir='ltr'>praebendam</span> <span class='ocrx_word' id='word_1_239' title='bbox 689 4002 841 4066; x_wconf 91' lang='lat' dir='ltr'>tribuere.</span> <span class='ocrx_word' id='word_1_240' title='bbox 889 4000 995 4084; x_wconf 81' lang='lat' dir='ltr'>Quam</span> <span class='ocrx_word' id='word_1_241' title='bbox 1026 4005 1179 4070; x_wconf 90' lang='lat' dir='ltr'>nimirum</span> <span class='ocrx_word' id='word_1_242' title='bbox 1207 4027 1338 4071; x_wconf 90' lang='lat' dir='ltr'>consue·</span> 
     </span>
     <span class='ocr_line' id='line_1_32' title="bbox 61 4109 1338 4194; baseline 0.004 -22"><span class='ocrx_word' id='word_1_243' title='bbox 61 4109 219 4190; x_wconf 88' lang='lat' dir='ltr'>tudinem,</span> <span class='ocrx_word' id='word_1_244' title='bbox 254 4109 332 4191; x_wconf 90' lang='lat' dir='ltr'>quia</span> <span class='ocrx_word' id='word_1_245' title='bbox 355 4109 456 4174; x_wconf 88' lang='lat' dir='ltr'>sacris</span> <span class='ocrx_word' id='word_1_246' title='bbox 490 4115 540 4174; x_wconf 89' lang='lat' dir='ltr'>est</span> <span class='ocrx_word' id='word_1_247' title='bbox 567 4109 702 4175; x_wconf 83' lang='lat' dir='ltr'>adversa</span> <span class='ocrx_word' id='word_1_248' title='bbox 730 4109 922 4191; x_wconf 90' lang='lat' dir='ltr'>canonibus,</span> <span class='ocrx_word' id='word_1_249' title='bbox 956 4112 1086 4194; x_wconf 89' lang='lat' dir='ltr'>penitus</span> <span class='ocrx_word' id='word_1_250' title='bbox 1109 4113 1338 4177; x_wconf 89' lang='lat' dir='ltr'>interdicentes</span> 
     </span>
     <span class='ocr_line' id='line_1_33' title="bbox 61 4215 1339 4302; baseline 0.003 -23"><span class='ocrx_word' id='word_1_251' title='bbox 61 4216 295 4298; x_wconf 78' lang='lat' dir='ltr'>praecipimuS,</span> <span class='ocrx_word' id='word_1_252' title='bbox 327 4221 365 4280; x_wconf 92' lang='lat' dir='ltr'>ut</span> <span class='ocrx_word' id='word_1_253' title='bbox 396 4215 437 4281; x_wconf 90' lang='lat' dir='ltr'>de</span> <span class='ocrx_word' id='word_1_254' title='bbox 469 4221 576 4282; x_wconf 87' lang='lat' dir='ltr'>cetero</span> <span class='ocrx_word' id='word_1_255' title='bbox 604 4217 789 4281; x_wconf 91' lang='lat' dir='ltr'>nullatenus</span> <span class='ocrx_word' id='word_1_256' title='bbox 817 4218 851 4280; x_wconf 90' lang='lat' dir='ltr'>in</span> <span class='ocrx_word' id='word_1_257' title='bbox 874 4217 1086 4282; x_wconf 89' lang='lat' dir='ltr'>Atrebatensi</span> <span class='ocrx_word' id='word_1_258' title='bbox 1111 4225 1339 4302; x_wconf 90' lang='lat' dir='ltr'>praesumatur</span> 
     </span>
     <span class='ocr_line' id='line_1_34' title="bbox 62 4322 1337 4409; baseline 0.005 -24"><span class='ocrx_word' id='word_1_259' title='bbox 62 4322 210 4403; x_wconf 88' lang='lat' dir='ltr'>ecelesia,</span> <span class='ocrx_word' id='word_1_260' title='bbox 235 4322 344 4386; x_wconf 92' lang='lat' dir='ltr'>sedin</span> <span class='ocrx_word' id='word_1_261' title='bbox 367 4328 435 4405; x_wconf 90' lang='grc'>100,</span> <span class='ocrx_word' id='word_1_262' title='bbox 460 4323 545 4388; x_wconf 89' lang='grc'>01001</span> <span class='ocrx_word' id='word_1_263' title='bbox 568 4325 688 4389; x_wconf 88' lang='grc'>0000110</span> <span class='ocrx_word' id='word_1_264' title='bbox 708 4323 885 4389; x_wconf 91' lang='lat' dir='ltr'>canonibus</span> <span class='ocrx_word' id='word_1_265' title='bbox 909 4330 1069 4389; x_wconf 90' lang='lat' dir='ltr'>statutum</span> <span class='ocrx_word' id='word_1_266' title='bbox 1092 4331 1151 4407; x_wconf 91' lang='lat' dir='ltr'>est,</span> <span class='ocrx_word' id='word_1_267' title='bbox 1175 4332 1337 4409; x_wconf 90' lang='lat' dir='ltr'>potestate</span> 
     </span>
     <span class='ocr_line' id='line_1_35' title="bbox 61 4428 1083 4515; baseline 0.005 -24"><span class='ocrx_word' id='word_1_268' title='bbox 61 4428 249 4511; x_wconf 90' lang='lat' dir='ltr'>iudicioque</span> <span class='ocrx_word' id='word_1_269' title='bbox 272 4451 380 4494; x_wconf 86' lang='lat' dir='ltr'>rerum</span> <span class='ocrx_word' id='word_1_270' title='bbox 403 4430 698 4496; x_wconf 89' lang='lat' dir='ltr'>ecclesiasticarum</span> <span class='ocrx_word' id='word_1_271' title='bbox 721 4431 920 4515; x_wconf 89' lang='lat' dir='ltr'>dispensatio</span> <span class='ocrx_word' id='word_1_272' title='bbox 943 4437 1083 4496; x_wconf 86' lang='lat' dir='ltr'>maneat.</span> 
     </span>
    </p>
   </div>
   <div class='ocr_carea' id='block_1_10' title="bbox 151 4610 567 4662">
    <p class='ocr_par' dir='ltr' id='par_1_12' title="bbox 151 4610 567 4662">
     <span class='ocr_line' id='line_1_36' title="bbox 151 4610 567 4662; baseline 0.01 -4"><span class='ocrx_word' id='word_1_273' title='bbox 151 4613 164 4636; x_wconf 83' lang='lat'><strong>¹</strong></span> <span class='ocrx_word' id='word_1_274' title='bbox 182 4610 351 4660; x_wconf 85' lang='lat' dir='ltr'>exhibendam</span> <span class='ocrx_word' id='word_1_275' title='bbox 370 4610 496 4660; x_wconf 83' lang='lat' dir='ltr'>iusticiam</span> <span class='ocrx_word' id='word_1_276' title='bbox 515 4615 567 4662; x_wconf 83' lang='lat' dir='ltr'>eod.</span> 
     </span>
    </p>
   </div>
   <div class='ocr_carea' id='block_1_11' title="bbox 0 0 1554 5056">
    <p class='ocr_par' dir='ltr' id='par_1_13' title="bbox 0 0 1554 5056">
     <span class='ocr_line' id='line_1_37' title="bbox 0 0 1554 5056; baseline 0 0"><span class='ocrx_word' id='word_1_277' title='bbox 0 0 1554 5056; x_wconf 95' lang='lat' dir='ltr'> </span> 
     </span>
    </p>
   </div>
  </div>
 </body>
</html>
