<?xml version="1.0" encoding="UTF-8"?>
<!DOCTYPE html PUBLIC "-//W3C//DTD XHTML 1.0 Transitional//EN"
    "http://www.w3.org/TR/xhtml1/DTD/xhtml1-transitional.dtd">
<html xmlns="http://www.w3.org/1999/xhtml" xml:lang="en" lang="en">
 <head>
  <title>
</title>
<meta http-equiv="Content-Type" content="text/html;charset=utf-8" />
  <meta name='ocr-system' content='tesseract 3.04.00' />
  <meta name='ocr-capabilities' content='ocr_page ocr_carea ocr_par ocr_line ocrx_word'/>
</head>
<body>
  <div class='ocr_page' id='page_1' title='image "./epistolaepontif00popegoog/epistolaepontif00popegoog_0106.png"; bbox 0 0 3098 5056; ppageno 0'>
   <div class='ocr_carea' id='block_1_1' title="bbox 425 232 1344 304">
    <p class='ocr_par' dir='ltr' id='par_1_1' title="bbox 425 232 1344 304">
     <span class='ocr_line' id='line_1_1' title="bbox 425 232 1344 304; baseline -0.011 0"><span class='ocrx_word' id='word_1_1' title='bbox 425 250 611 304; x_wconf 82' lang='lat' dir='ltr'><strong>Innocnnrn</strong></span> <span class='ocrx_word' id='word_1_2' title='bbox 629 263 654 303; x_wconf 92' lang='lat'><strong>11</strong></span> <span class='ocrx_word' id='word_1_3' title='bbox 672 263 839 304; x_wconf 70' lang='lat' dir='ltr'><strong>mannaan</strong></span> <span class='ocrx_word' id='word_1_4' title='bbox 859 250 917 304; x_wconf 82' lang='lat'><strong>178.</strong></span> <span class='ocrx_word' id='word_1_5' title='bbox 939 250 989 304; x_wconf 81' lang='lat'><strong>179</strong></span> <span class='ocrx_word' id='word_1_6' title='bbox 1093 232 1096 238; x_wconf 67' lang='grc'><strong>’</strong></span> <span class='ocrx_word' id='word_1_7' title='bbox 1303 234 1344 295; x_wconf 85' lang='grc'><strong>89</strong></span> 
     </span>
    </p>
   </div>
   <div class='ocr_carea' id='block_1_2' title="bbox 63 408 1515 1990">
    <p class='ocr_par' dir='ltr' id='par_1_2' title="bbox 63 408 1515 816">
     <span class='ocr_line' id='line_1_2' title="bbox 63 408 1488 493; baseline -0.006 -19"><span class='ocrx_word' id='word_1_8' title='bbox 63 411 287 493; x_wconf 87' lang='lat' dir='ltr'><strong>praesentiam</strong></span> <span class='ocrx_word' id='word_1_9' title='bbox 310 409 458 492; x_wconf 85' lang='lat' dir='ltr'><strong>praefato</strong></span> <span class='ocrx_word' id='word_1_10' title='bbox 477 408 591 473; x_wconf 87' lang='lat' dir='ltr'><strong>abbati</strong></span> <span class='ocrx_word' id='word_1_11' title='bbox 614 414 647 473; x_wconf 92' lang='lat' dir='ltr'><strong>et</strong></span> <span class='ocrx_word' id='word_1_12' title='bbox 665 409 821 473; x_wconf 89' lang='lat' dir='ltr'><strong>fratribus</strong></span> <span class='ocrx_word' id='word_1_13' title='bbox 840 408 881 473; x_wconf 97' lang='grc'><strong>(16</strong></span> <span class='ocrx_word' id='word_1_14' title='bbox 907 431 967 474; x_wconf 91' lang='lat' dir='ltr'><strong>sua</strong></span> <span class='ocrx_word' id='word_1_15' title='bbox 990 408 1193 491; x_wconf 91' lang='lat' dir='ltr'><strong>querimonia</strong></span> <span class='ocrx_word' id='word_1_16' title='bbox 1215 428 1345 490; x_wconf 91' lang='lat' dir='ltr'><strong>respon·</strong></span> <span class='ocrx_word' id='word_1_17' title='bbox 1403 408 1488 467; x_wconf 84' lang='lat'>1132</span> 
     </span>
     <span class='ocr_line' id='line_1_3' title="bbox 65 500 1515 600; baseline -0.001 -20"><span class='ocrx_word' id='word_1_18' title='bbox 65 516 141 580; x_wconf 90' lang='lat' dir='ltr'><strong>dere</strong></span> <span class='ocrx_word' id='word_1_19' title='bbox 164 518 285 600; x_wconf 87' lang='lat' dir='ltr'><strong>parati.</strong></span> <span class='ocrx_word' id='word_1_20' title='bbox 333 515 399 581; x_wconf 90' lang='lat' dir='ltr'><strong>Vos</strong></span> <span class='ocrx_word' id='word_1_21' title='bbox 423 536 499 580; x_wconf 92' lang='lat' dir='ltr'><strong>vero</strong></span> <span class='ocrx_word' id='word_1_22' title='bbox 522 537 587 580; x_wconf 92' lang='lat' dir='ltr'><strong>non</strong></span> <span class='ocrx_word' id='word_1_23' title='bbox 610 516 743 580; x_wconf 87' lang='lat' dir='ltr'><strong>venistis</strong></span> <span class='ocrx_word' id='word_1_24' title='bbox 767 537 827 580; x_wconf 90' lang='lat' dir='ltr'><strong>nec</strong></span> <span class='ocrx_word' id='word_1_25' title='bbox 850 515 1015 581; x_wconf 83' lang='lat' dir='ltr'><strong>direxistis</strong></span> <span class='ocrx_word' id='word_1_26' title='bbox 1042 514 1261 597; x_wconf 90' lang='lat' dir='ltr'><strong>responsales,</strong></span> <span class='ocrx_word' id='word_1_27' title='bbox 1289 515 1347 579; x_wconf 91' lang='lat' dir='ltr'><strong>sed</strong></span> <span class='ocrx_word' id='word_1_28' title='bbox 1364 500 1451 558; x_wconf 62' lang='lat' dir='ltr'><strong>Mffi·</strong></span> <span class='ocrx_word' id='word_1_29' title='bbox 1464 500 1515 557; x_wconf 85' lang='lat'><strong>3⁰·</strong></span> 
     </span>
     <span class='ocr_line' id='line_1_4' title="bbox 65 621 1347 708; baseline -0.002 -21"><span class='ocrx_word' id='word_1_30' title='bbox 65 623 130 687; x_wconf 92' lang='lat' dir='ltr'><strong>duo</strong></span> <span class='ocrx_word' id='word_1_31' title='bbox 152 623 306 688; x_wconf 91' lang='lat' dir='ltr'><strong>monachi</strong></span> <span class='ocrx_word' id='word_1_32' title='bbox 339 644 378 688; x_wconf 85' lang='lat' dir='ltr'><strong>ex</strong></span> <span class='ocrx_word' id='word_1_33' title='bbox 408 628 502 706; x_wconf 79' lang='lat' dir='ltr'><strong>parte</strong></span> <span class='ocrx_word' id='word_1_34' title='bbox 534 622 768 687; x_wconf 87' lang='lat' dir='ltr'><strong>venerabilium</strong></span> <span class='ocrx_word' id='word_1_35' title='bbox 799 621 936 687; x_wconf 82' lang='lat' dir='ltr'><strong>fratrum</strong></span> <span class='ocrx_word' id='word_1_36' title='bbox 963 627 1148 688; x_wconf 90' lang='lat' dir='ltr'><strong>nostrorum</strong></span> <span class='ocrx_word' id='word_1_37' title='bbox 1171 621 1347 708; x_wconf 69' lang='lat' dir='ltr'><strong>Btainaldi)</strong></span> 
     </span>
     <span class='ocr_line' id='line_1_5' title="bbox 65 728 1348 816; baseline -0.002 -23"><span class='ocrx_word' id='word_1_38' title='bbox 65 729 238 794; x_wconf 87' lang='lat' dir='ltr'><strong>Remensis</strong></span> <span class='ocrx_word' id='word_1_39' title='bbox 262 729 498 813; x_wconf 87' lang='lat' dir='ltr'><strong>archiepiscopi</strong></span> <span class='ocrx_word' id='word_1_40' title='bbox 529 736 562 794; x_wconf 93' lang='grc'><strong>61</strong></span> <span class='ocrx_word' id='word_1_41' title='bbox 584 729 738 816; x_wconf 75' lang='grc' dir='ltr'>Μ11161116)</span> <span class='ocrx_word' id='word_1_42' title='bbox 762 730 976 794; x_wconf 76' lang='lat' dir='ltr'><strong>Tervanensis</strong></span> <span class='ocrx_word' id='word_1_43' title='bbox 1009 730 1152 812; x_wconf 85' lang='lat' dir='ltr'><strong>episcopi</strong></span> <span class='ocrx_word' id='word_1_44' title='bbox 1176 750 1215 792; x_wconf 90' lang='lat' dir='ltr'><strong>ac</strong></span> <span class='ocrx_word' id='word_1_45' title='bbox 1238 728 1348 793; x_wconf 89' lang='lat' dir='ltr'><strong>dilecti</strong></span> 
     </span>
    </p>

    <p class='ocr_par' dir='ltr' id='par_1_3' title="bbox 65 834 1347 923">
     <span class='ocr_line' id='line_1_6' title="bbox 65 834 1347 923; baseline 0 -25"><span class='ocrx_word' id='word_1_46' title='bbox 65 835 124 898; x_wconf 91' lang='lat' dir='ltr'><strong>filii</strong></span> <span class='ocrx_word' id='word_1_47' title='bbox 152 838 259 902; x_wconf 78' lang='lat' dir='ltr'><strong>nostri</strong></span> <span class='ocrx_word' id='word_1_48' title='bbox 277 837 491 923; x_wconf 82' lang='lat' dir='ltr'><strong>T(heoderici)</strong></span> <span class='ocrx_word' id='word_1_49' title='bbox 510 836 762 901; x_wconf 84' lang='lat' dir='ltr'><strong>Flandrensium</strong></span> <span class='ocrx_word' id='word_1_50' title='bbox 782 838 918 919; x_wconf 89' lang='lat' dir='ltr'><strong>comitis,</strong></span> <span class='ocrx_word' id='word_1_51' title='bbox 942 842 980 901; x_wconf 90' lang='lat' dir='ltr'><strong>ut</strong></span> <span class='ocrx_word' id='word_1_52' title='bbox 1003 837 1049 901; x_wconf 89' lang='lat' dir='ltr'><strong>eis</strong></span> <span class='ocrx_word' id='word_1_53' title='bbox 1068 835 1230 917; x_wconf 83' lang='lat' dir='ltr'><strong>longiores</strong></span> <span class='ocrx_word' id='word_1_54' title='bbox 1255 834 1347 899; x_wconf 90' lang='lat' dir='ltr'><strong>dare-</strong></span> 
     </span>
    </p>

    <p class='ocr_par' dir='ltr' id='par_1_4' title="bbox 64 941 1347 1562">
     <span class='ocr_line' id='line_1_7' title="bbox 65 941 1347 1027; baseline -0.001 -21"><span class='ocrx_word' id='word_1_55' title='bbox 65 964 136 1006; x_wconf 91' lang='lat' dir='ltr'><strong>mus</strong></span> <span class='ocrx_word' id='word_1_56' title='bbox 155 942 316 1026; x_wconf 76' lang='lat' dir='ltr'><strong>indusias,</strong></span> <span class='ocrx_word' id='word_1_57' title='bbox 342 944 532 1027; x_wconf 81' lang='lat' dir='ltr'><strong>suppliciter</strong></span> <span class='ocrx_word' id='word_1_58' title='bbox 550 965 608 1008; x_wconf 93' lang='lat' dir='ltr'><strong>nos</strong></span> <span class='ocrx_word' id='word_1_59' title='bbox 628 950 793 1026; x_wconf 84' lang='lat' dir='ltr'><strong>rogarunt.</strong></span> <span class='ocrx_word' id='word_1_60' title='bbox 840 942 986 1025; x_wconf 78' lang='lat' dir='ltr'><strong>Quorum</strong></span> <span class='ocrx_word' id='word_1_61' title='bbox 1004 944 1158 1008; x_wconf 91' lang='lat' dir='ltr'><strong>nimirum</strong></span> <span class='ocrx_word' id='word_1_62' title='bbox 1177 941 1347 1007; x_wconf 88' lang='lat' dir='ltr'><strong>desideriis</strong></span> 
     </span>
     <span class='ocr_line' id='line_1_8' title="bbox 65 1050 1346 1134; baseline -0.001 -22"><span class='ocrx_word' id='word_1_63' title='bbox 65 1055 259 1132; x_wconf 80' lang='lat' dir='ltr'><strong>annuentes,</strong></span> <span class='ocrx_word' id='word_1_64' title='bbox 278 1051 419 1116; x_wconf 89' lang='lat' dir='ltr'><strong>mediam</strong></span> <span class='ocrx_word' id='word_1_65' title='bbox 432 1051 643 1134; x_wconf 87' lang='lat' dir='ltr'><strong>praeteritam</strong></span> <span class='ocrx_word' id='word_1_66' title='bbox 658 1050 963 1133; x_wconf 88' lang='lat' dir='ltr'><strong>quadragesimaml</strong></span> <span class='ocrx_word' id='word_1_67' title='bbox 981 1050 1073 1116; x_wconf 92' lang='lat' dir='ltr'><strong>vobis</strong></span> <span class='ocrx_word' id='word_1_68' title='bbox 1083 1050 1256 1114; x_wconf 89' lang='lat' dir='ltr'><strong>terminum</strong></span> <span class='ocrx_word' id='word_1_69' title='bbox 1273 1070 1346 1112; x_wconf 90' lang='lat' dir='ltr'><strong>con-</strong></span> 
     </span>
     <span class='ocr_line' id='line_1_9' title="bbox 65 1154 1347 1241; baseline -0.002 -21"><span class='ocrx_word' id='word_1_70' title='bbox 65 1156 243 1221; x_wconf 91' lang='lat' dir='ltr'><strong>stituimus.</strong></span> <span class='ocrx_word' id='word_1_71' title='bbox 282 1156 346 1222; x_wconf 84' lang='lat' dir='ltr'><strong>Sed</strong></span> <span class='ocrx_word' id='word_1_72' title='bbox 373 1158 526 1240; x_wconf 91' lang='lat' dir='ltr'><strong>quoniam</strong></span> <span class='ocrx_word' id='word_1_73' title='bbox 549 1158 583 1221; x_wconf 92' lang='lat' dir='ltr'><strong>in</strong></span> <span class='ocrx_word' id='word_1_74' title='bbox 605 1163 714 1222; x_wconf 90' lang='lat' dir='ltr'><strong>vestra</strong></span> <span class='ocrx_word' id='word_1_75' title='bbox 742 1159 946 1222; x_wconf 90' lang='lat' dir='ltr'><strong>contumacia</strong></span> <span class='ocrx_word' id='word_1_76' title='bbox 972 1157 1187 1241; x_wconf 84' lang='lat' dir='ltr'><strong>perdurantes</strong></span> <span class='ocrx_word' id='word_1_77' title='bbox 1215 1154 1347 1220; x_wconf 90' lang='lat' dir='ltr'><strong>obedire</strong></span> 
     </span>
     <span class='ocr_line' id='line_1_10' title="bbox 64 1261 1347 1348; baseline 0 -23"><span class='ocrx_word' id='word_1_78' title='bbox 64 1264 187 1328; x_wconf 90' lang='lat' dir='ltr'><strong>nostris</strong></span> <span class='ocrx_word' id='word_1_79' title='bbox 211 1263 410 1329; x_wconf 90' lang='lat' dir='ltr'><strong>iussionibus</strong></span> <span class='ocrx_word' id='word_1_80' title='bbox 430 1265 681 1348; x_wconf 82' lang='lat' dir='ltr'><strong>contempsistis,</strong></span> <span class='ocrx_word' id='word_1_81' title='bbox 705 1286 773 1346; x_wconf 93' lang='lat' dir='ltr'><strong>nos,</strong></span> <span class='ocrx_word' id='word_1_82' title='bbox 799 1265 854 1348; x_wconf 90' lang='lat' dir='ltr'><strong>qui</strong></span> <span class='ocrx_word' id='word_1_83' title='bbox 873 1264 951 1330; x_wconf 90' lang='lat' dir='ltr'><strong>licet</strong></span> <span class='ocrx_word' id='word_1_84' title='bbox 968 1264 1092 1346; x_wconf 87' lang='lat' dir='ltr'><strong>indigni</strong></span> <span class='ocrx_word' id='word_1_85' title='bbox 1114 1263 1185 1328; x_wconf 87' lang='lat' dir='ltr'><strong>loco</strong></span> <span class='ocrx_word' id='word_1_86' title='bbox 1204 1261 1235 1327; x_wconf 88' lang='lat' dir='ltr'><strong>b.</strong></span> <span class='ocrx_word' id='word_1_87' title='bbox 1255 1262 1347 1326; x_wconf 87' lang='lat' dir='ltr'><strong>Petri</strong></span> 
     </span>
     <span class='ocr_line' id='line_1_11' title="bbox 65 1370 1346 1454; baseline -0.001 -20"><span class='ocrx_word' id='word_1_88' title='bbox 65 1370 207 1452; x_wconf 88' lang='lat' dir='ltr'><strong>apostoli</strong></span> <span class='ocrx_word' id='word_1_89' title='bbox 230 1370 409 1435; x_wconf 88' lang='lat' dir='ltr'><strong>residemus</strong></span> <span class='ocrx_word' id='word_1_90' title='bbox 442 1377 475 1436; x_wconf 90' lang='lat' dir='ltr'><strong>et</strong></span> <span class='ocrx_word' id='word_1_91' title='bbox 507 1393 600 1436; x_wconf 89' lang='lat' dir='ltr'><strong>suam</strong></span> <span class='ocrx_word' id='word_1_92' title='bbox 623 1372 739 1454; x_wconf 88' lang='lat' dir='ltr'><strong>cuique</strong></span> <span class='ocrx_word' id='word_1_93' title='bbox 774 1371 927 1436; x_wconf 92' lang='lat' dir='ltr'><strong>debemus</strong></span> <span class='ocrx_word' id='word_1_94' title='bbox 957 1371 1117 1436; x_wconf 89' lang='lat' dir='ltr'><strong>iustitiam</strong></span> <span class='ocrx_word' id='word_1_95' title='bbox 1145 1389 1346 1450; x_wconf 89' lang='lat' dir='ltr'><strong>conservare,</strong></span> 
     </span>
     <span class='ocr_line' id='line_1_12' title="bbox 65 1475 1346 1562; baseline 0 -22"><span class='ocrx_word' id='word_1_96' title='bbox 65 1475 278 1542; x_wconf 82' lang='lat' dir='ltr'><strong>Cluniacense</strong></span> <span class='ocrx_word' id='word_1_97' title='bbox 293 1481 525 1543; x_wconf 84' lang='lat' dir='ltr'><strong>monasterium</strong></span> <span class='ocrx_word' id='word_1_98' title='bbox 540 1478 581 1542; x_wconf 93' lang='lat' dir='ltr'><strong>de</strong></span> <span class='ocrx_word' id='word_1_99' title='bbox 600 1479 734 1543; x_wconf 89' lang='lat' dir='ltr'><strong>abbatia</strong></span> <span class='ocrx_word' id='word_1_100' title='bbox 749 1478 781 1544; x_wconf 86' lang='lat' dir='ltr'><strong>S.</strong></span> <span class='ocrx_word' id='word_1_101' title='bbox 797 1478 924 1542; x_wconf 86' lang='lat' dir='ltr'><strong>Bertini</strong></span> <span class='ocrx_word' id='word_1_102' title='bbox 942 1478 1206 1562; x_wconf 87' lang='lat' dir='ltr'><strong>predecessorum</strong></span> <span class='ocrx_word' id='word_1_103' title='bbox 1220 1480 1346 1541; x_wconf 89' lang='lat' dir='ltr'><strong>nostro-</strong></span> 
     </span>
    </p>

    <p class='ocr_par' dir='ltr' id='par_1_5' title="bbox 64 1583 1347 1776">
     <span class='ocr_line' id='line_1_13' title="bbox 64 1583 1347 1669; baseline -0.001 -23"><span class='ocrx_word' id='word_1_104' title='bbox 64 1605 135 1647; x_wconf 90' lang='lat' dir='ltr'><strong>rum</strong></span> <span class='ocrx_word' id='word_1_105' title='bbox 159 1583 347 1650; x_wconf 89' lang='lat' dir='ltr'><strong>inherentes</strong></span> <span class='ocrx_word' id='word_1_106' title='bbox 370 1587 515 1668; x_wconf 87' lang='lat' dir='ltr'><strong>vestigiis</strong></span> <span class='ocrx_word' id='word_1_107' title='bbox 538 1586 787 1650; x_wconf 83' lang='lat' dir='ltr'><strong>investivimus.2</strong></span> <span class='ocrx_word' id='word_1_108' title='bbox 822 1586 887 1650; x_wconf 93' lang='lat' dir='ltr'><strong>Per</strong></span> <span class='ocrx_word' id='word_1_109' title='bbox 905 1585 1085 1669; x_wconf 90' lang='lat' dir='ltr'><strong>apostolica</strong></span> <span class='ocrx_word' id='word_1_110' title='bbox 1103 1585 1202 1667; x_wconf 88' lang='lat' dir='ltr'><strong>igitur</strong></span> <span class='ocrx_word' id='word_1_111' title='bbox 1226 1583 1347 1665; x_wconf 88' lang='lat' dir='ltr'><strong>scripta</strong></span> 
     </span>
     <span class='ocr_line' id='line_1_14' title="bbox 64 1689 1347 1776; baseline 0 -23"><span class='ocrx_word' id='word_1_112' title='bbox 64 1691 272 1755; x_wconf 87' lang='lat' dir='ltr'><strong>universitati</strong></span> <span class='ocrx_word' id='word_1_113' title='bbox 285 1697 392 1756; x_wconf 80' lang='lat' dir='ltr'><strong>vestre</strong></span> <span class='ocrx_word' id='word_1_114' title='bbox 410 1692 603 1757; x_wconf 90' lang='lat' dir='ltr'><strong>mandantes</strong></span> <span class='ocrx_word' id='word_1_115' title='bbox 616 1693 824 1776; x_wconf 91' lang='lat' dir='ltr'><strong>precipimus,</strong></span> <span class='ocrx_word' id='word_1_116' title='bbox 840 1694 994 1776; x_wconf 87' lang='lat' dir='ltr'><strong>quatinus</strong></span> <span class='ocrx_word' id='word_1_117' title='bbox 1009 1691 1135 1775; x_wconf 86' lang='lat' dir='ltr'><strong>prefato</strong></span> <span class='ocrx_word' id='word_1_118' title='bbox 1149 1689 1216 1755; x_wconf 90' lang='lat' dir='ltr'><strong>filio</strong></span> <span class='ocrx_word' id='word_1_119' title='bbox 1235 1694 1347 1754; x_wconf 87' lang='lat' dir='ltr'><strong>nostro</strong></span> 
     </span>
    </p>

    <p class='ocr_par' dir='ltr' id='par_1_6' title="bbox 64 1796 1347 1990">
     <span class='ocr_line' id='line_1_15' title="bbox 65 1796 1347 1883; baseline 0 -23"><span class='ocrx_word' id='word_1_120' title='bbox 65 1796 187 1882; x_wconf 74' lang='lat' dir='ltr'><strong>Ptetro)</strong></span> <span class='ocrx_word' id='word_1_121' title='bbox 212 1796 325 1862; x_wconf 87' lang='lat' dir='ltr'><strong>abbati</strong></span> <span class='ocrx_word' id='word_1_122' title='bbox 348 1798 514 1864; x_wconf 89' lang='lat' dir='ltr'><strong>humiliter</strong></span> <span class='ocrx_word' id='word_1_123' title='bbox 536 1800 681 1883; x_wconf 87' lang='lat' dir='ltr'><strong>pareatis</strong></span> <span class='ocrx_word' id='word_1_124' title='bbox 709 1805 742 1865; x_wconf 92' lang='lat' dir='ltr'><strong>et</strong></span> <span class='ocrx_word' id='word_1_125' title='bbox 768 1800 860 1864; x_wconf 81' lang='lat' dir='ltr'><strong>iuxta</strong></span> <span class='ocrx_word' id='word_1_126' title='bbox 883 1801 951 1864; x_wconf 91' lang='lat' dir='ltr'><strong>eius</strong></span> <span class='ocrx_word' id='word_1_127' title='bbox 978 1798 1224 1882; x_wconf 87' lang='lat' dir='ltr'><strong>dispositionem</strong></span> <span class='ocrx_word' id='word_1_128' title='bbox 1248 1801 1347 1878; x_wconf 89' lang='lat' dir='ltr'><strong>atque</strong></span> 
     </span>
     <span class='ocr_line' id='line_1_16' title="bbox 64 1903 1347 1990; baseline -0.001 -23"><span class='ocrx_word' id='word_1_129' title='bbox 64 1903 238 1968; x_wconf 90' lang='lat' dir='ltr'><strong>consilium</strong></span> <span class='ocrx_word' id='word_1_130' title='bbox 261 1925 393 1987; x_wconf 89' lang='lat' dir='ltr'><strong>gravem</strong></span> <span class='ocrx_word' id='word_1_131' title='bbox 416 1911 450 1971; x_wconf 92' lang='grc'><strong>61</strong></span> <span class='ocrx_word' id='word_1_132' title='bbox 472 1906 622 1971; x_wconf 88' lang='lat' dir='ltr'><strong>idoneam</strong></span> <span class='ocrx_word' id='word_1_133' title='bbox 640 1927 814 1990; x_wconf 91' lang='lat' dir='ltr'><strong>personam</strong></span> <span class='ocrx_word' id='word_1_134' title='bbox 833 1905 924 1970; x_wconf 87' lang='lat' dir='ltr'><strong>vobis</strong></span> <span class='ocrx_word' id='word_1_135' title='bbox 947 1907 981 1969; x_wconf 91' lang='lat' dir='ltr'><strong>in</strong></span> <span class='ocrx_word' id='word_1_136' title='bbox 1007 1905 1170 1985; x_wconf 87' lang='lat' dir='ltr'><strong>abbatem,</strong></span> <span class='ocrx_word' id='word_1_137' title='bbox 1197 1905 1347 1968; x_wconf 90' lang='lat' dir='ltr'><strong>invocata</strong></span> 
     </span>
    </p>
   </div>
   <div class='ocr_carea' id='block_1_3' title="bbox 62 2011 1347 2520">
    <p class='ocr_par' dir='ltr' id='par_1_7' title="bbox 64 2011 1347 2095">
     <span class='ocr_line' id='line_1_17' title="bbox 64 2011 1347 2095; baseline 0.001 -22"><span class='ocrx_word' id='word_1_138' title='bbox 64 2011 200 2093; x_wconf 89' lang='lat' dir='ltr'><strong>spiritus</strong></span> <span class='ocrx_word' id='word_1_139' title='bbox 229 2012 333 2076; x_wconf 92' lang='lat' dir='ltr'><strong>sancti</strong></span> <span class='ocrx_word' id='word_1_140' title='bbox 360 2014 481 2094; x_wconf 88' lang='lat' dir='ltr'><strong>gratia,</strong></span> <span class='ocrx_word' id='word_1_141' title='bbox 515 2013 634 2095; x_wconf 86' lang='lat' dir='ltr'><strong>eligere</strong></span> <span class='ocrx_word' id='word_1_142' title='bbox 664 2015 844 2078; x_wconf 90' lang='lat' dir='ltr'><strong>maturetis.</strong></span> <span class='ocrx_word' id='word_1_143' title='bbox 892 2012 1014 2077; x_wconf 89' lang='lat' dir='ltr'><strong>Datum</strong></span> <span class='ocrx_word' id='word_1_144' title='bbox 1047 2012 1133 2095; x_wconf 93' lang='lat' dir='ltr'><strong>apud</strong></span> <span class='ocrx_word' id='word_1_145' title='bbox 1162 2011 1347 2094; x_wconf 88' lang='lat' dir='ltr'><strong>Vapingum</strong></span> 
     </span>
    </p>

    <p class='ocr_par' dir='ltr' id='par_1_8' title="bbox 63 2115 500 2202">
     <span class='ocr_line' id='line_1_18' title="bbox 63 2115 500 2202; baseline 0.005 -22"><span class='ocrx_word' id='word_1_146' title='bbox 63 2115 115 2180; x_wconf 84' lang='grc' dir='ltr'><strong>ΙΠ</strong></span> <span class='ocrx_word' id='word_1_147' title='bbox 138 2116 217 2181; x_wconf 88' lang='lat' dir='ltr'><strong>Kal.</strong></span> <span class='ocrx_word' id='word_1_148' title='bbox 240 2118 375 2202; x_wconf 89' lang='lat' dir='ltr'><strong>Aprilis.</strong></span> <span class='ocrx_word' id='word_1_149' title='bbox 495 2192 500 2200; x_wconf 41' lang='lat'><strong>,</strong></span> 
     </span>
    </p>

    <p class='ocr_par' dir='ltr' id='par_1_9' title="bbox 62 2295 1347 2520">
     <span class='ocr_line' id='line_1_19' title="bbox 62 2295 1345 2398; baseline -0.002 -18"><span class='ocrx_word' id='word_1_150' title='bbox 62 2316 143 2382; x_wconf 84' lang='lat'><strong>178.</strong></span> <span class='ocrx_word' id='word_1_151' title='bbox 175 2319 366 2379; x_wconf 60' lang='lat' dir='ltr'><strong>remantem</strong></span> <span class='ocrx_word' id='word_1_152' title='bbox 388 2320 425 2379; x_wconf 87' lang='lat' dir='ltr'><strong>n</strong></span> <span class='ocrx_word' id='word_1_153' title='bbox 442 2295 654 2398; x_wconf 67' lang='lat' dir='ltr'><strong>areaapaapo</strong></span> <span class='ocrx_word' id='word_1_154' title='bbox 683 2321 905 2380; x_wconf 62' lang='lat' dir='ltr'><strong>nontamen</strong></span> <span class='ocrx_word' id='word_1_155' title='bbox 931 2321 1092 2397; x_wconf 57' lang='lat' dir='ltr'><strong>aaran</strong></span> <span class='ocrx_word' id='word_1_156' title='bbox 1123 2320 1254 2379; x_wconf 68' lang='lat' dir='ltr'><strong>aaran</strong></span> <span class='ocrx_word' id='word_1_157' title='bbox 1277 2319 1345 2377; x_wconf 76' lang='lat' dir='ltr'><strong>na-</strong></span> 
     </span>
     <span class='ocr_line' id='line_1_20' title="bbox 176 2426 1347 2520; baseline 0 -36"><span class='ocrx_word' id='word_1_158' title='bbox 176 2444 307 2485; x_wconf 77' lang='lat' dir='ltr'><strong>nnnsern</strong></span> <span class='ocrx_word' id='word_1_159' title='bbox 335 2432 376 2486; x_wconf 82' lang='lat' dir='ltr'><strong>ter</strong></span> <span class='ocrx_word' id='word_1_160' title='bbox 403 2434 565 2502; x_wconf 73' lang='lat' dir='ltr'><strong>necatam,</strong></span> <span class='ocrx_word' id='word_1_161' title='bbox 598 2434 632 2487; x_wconf 85' lang='lat' dir='ltr'><strong>nt</strong></span> <span class='ocrx_word' id='word_1_162' title='bbox 661 2429 695 2487; x_wconf 83' lang='lat' dir='ltr'><strong>de</strong></span> <span class='ocrx_word' id='word_1_163' title='bbox 725 2428 902 2520; x_wconf 75' lang='lat' dir='ltr'><strong>qnibnsdana</strong></span> <span class='ocrx_word' id='word_1_164' title='bbox 928 2427 1167 2504; x_wconf 67' lang='lat' dir='ltr'><strong>possessionibus</strong></span> <span class='ocrx_word' id='word_1_165' title='bbox 1197 2426 1347 2485; x_wconf 81' lang='lat' dir='ltr'><strong>cononicis</strong></span> 
     </span>
    </p>
   </div>
   <div class='ocr_carea' id='block_1_4' title="bbox 173 2532 1252 2725">
    <p class='ocr_par' dir='ltr' id='par_1_10' title="bbox 173 2532 1252 2725">
     <span class='ocr_line' id='line_1_21' title="bbox 176 2532 1203 2611; baseline 0.002 -21"><span class='ocrx_word' id='word_1_166' title='bbox 176 2533 493 2608; x_wconf 75' lang='lat' dir='ltr'><strong>Anpnstodnnensibns</strong></span> <span class='ocrx_word' id='word_1_167' title='bbox 514 2535 704 2611; x_wconf 80' lang='lat' dir='ltr'><strong>responderet,</strong></span> <span class='ocrx_word' id='word_1_168' title='bbox 729 2536 768 2594; x_wconf 85' lang='lat' dir='ltr'><strong>od</strong></span> <span class='ocrx_word' id='word_1_169' title='bbox 789 2554 849 2594; x_wconf 86' lang='lat' dir='ltr'><strong>sese</strong></span> <span class='ocrx_word' id='word_1_170' title='bbox 871 2532 969 2594; x_wconf 81' lang='lat' dir='ltr'><strong>conire</strong></span> <span class='ocrx_word' id='word_1_171' title='bbox 991 2534 1203 2610; x_wconf 84' lang='lat' dir='ltr'><strong>contempsisse.</strong></span> 
     </span>
     <span class='ocr_line' id='line_1_22' title="bbox 173 2650 1252 2725; baseline 0.001 -20"><span class='ocrx_word' id='word_1_172' title='bbox 173 2650 246 2706; x_wconf 92' lang='lat' dir='ltr'><strong>Bibl.</strong></span> <span class='ocrx_word' id='word_1_173' title='bbox 256 2652 333 2723; x_wconf 89' lang='lat' dir='ltr'><strong>publ.</strong></span> <span class='ocrx_word' id='word_1_174' title='bbox 342 2652 540 2725; x_wconf 84' lang='lat' dir='ltr'><strong>Augustodun.</strong></span> <span class='ocrx_word' id='word_1_175' title='bbox 550 2653 610 2709; x_wconf 91' lang='lat' dir='ltr'><strong>ood.</strong></span> <span class='ocrx_word' id='word_1_176' title='bbox 621 2656 637 2709; x_wconf 87' lang='lat'>9</span> <span class='ocrx_word' id='word_1_177' title='bbox 653 2672 674 2708; x_wconf 89' lang='lat' dir='ltr'><strong>s.</strong></span> <span class='ocrx_word' id='word_1_178' title='bbox 683 2668 811 2708; x_wconf 82' lang='lat' dir='ltr'><strong>xl-xn.</strong></span> <span class='ocrx_word' id='word_1_179' title='bbox 830 2653 877 2710; x_wconf 89' lang='lat' dir='ltr'><strong>fol.</strong></span> <span class='ocrx_word' id='word_1_180' title='bbox 888 2654 1044 2725; x_wconf 87' lang='lat' dir='ltr'><strong>penultimo</strong></span> <span class='ocrx_word' id='word_1_181' title='bbox 1053 2670 1140 2707; x_wconf 89' lang='lat' dir='ltr'><strong>manu</strong></span> <span class='ocrx_word' id='word_1_182' title='bbox 1150 2671 1171 2707; x_wconf 87' lang='lat' dir='ltr'><strong>s.</strong></span> <span class='ocrx_word' id='word_1_183' title='bbox 1181 2660 1252 2707; x_wconf 63' lang='lat' dir='ltr'><strong>1111.a</strong></span> 
     </span>
    </p>
   </div>
   <div class='ocr_carea' id='block_1_5' title="bbox 58 2775 1476 4034">
    <p class='ocr_par' dir='ltr' id='par_1_11' title="bbox 60 2775 1476 3181">
     <span class='ocr_line' id='line_1_23' title="bbox 153 2775 1476 2862; baseline 0.005 -23"><span class='ocrx_word' id='word_1_184' title='bbox 153 2775 362 2842; x_wconf 86' lang='lat' dir='ltr'><strong>Innocentius</strong></span> <span class='ocrx_word' id='word_1_185' title='bbox 395 2779 566 2862; x_wconf 89' lang='lat' dir='ltr'><strong>episcopus</strong></span> <span class='ocrx_word' id='word_1_186' title='bbox 604 2801 715 2843; x_wconf 90' lang='lat' dir='ltr'><strong>servus</strong></span> <span class='ocrx_word' id='word_1_187' title='bbox 752 2800 917 2843; x_wconf 89' lang='lat' dir='ltr'><strong>servorum</strong></span> <span class='ocrx_word' id='word_1_188' title='bbox 947 2779 1009 2843; x_wconf 91' lang='lat' dir='ltr'><strong>Dei</strong></span> <span class='ocrx_word' id='word_1_189' title='bbox 1041 2776 1219 2842; x_wconf 84' lang='lat' dir='ltr'><strong>venerabili</strong></span> <span class='ocrx_word' id='word_1_190' title='bbox 1252 2777 1346 2841; x_wconf 87' lang='lat' dir='ltr'><strong>fratri</strong></span> <span class='ocrx_word' id='word_1_191' title='bbox 1367 2788 1476 2845; x_wconf 83' lang='lat'>1130-</span> 
     </span>
     <span class='ocr_line' id='line_1_24' title="bbox 60 2876 1469 2969; baseline 0.001 -24"><span class='ocrx_word' id='word_1_192' title='bbox 60 2881 246 2968; x_wconf 73' lang='lat' dir='ltr'><strong>Atnserico)</strong></span> <span class='ocrx_word' id='word_1_193' title='bbox 268 2885 440 2950; x_wconf 90' lang='lat' dir='ltr'><strong>Bisuntino</strong></span> <span class='ocrx_word' id='word_1_194' title='bbox 464 2885 707 2969; x_wconf 89' lang='lat' dir='ltr'><strong>archiepiscopo</strong></span> <span class='ocrx_word' id='word_1_195' title='bbox 736 2887 875 2951; x_wconf 90' lang='lat' dir='ltr'><strong>salntem</strong></span> <span class='ocrx_word' id='word_1_196' title='bbox 904 2893 936 2950; x_wconf 90' lang='lat' dir='ltr'><strong>et</strong></span> <span class='ocrx_word' id='word_1_197' title='bbox 960 2885 1172 2969; x_wconf 90' lang='lat' dir='ltr'><strong>apostolicam</strong></span> <span class='ocrx_word' id='word_1_198' title='bbox 1196 2884 1345 2950; x_wconf 91' lang='lat' dir='ltr'><strong>benedic·</strong></span> <span class='ocrx_word' id='word_1_199' title='bbox 1375 2876 1469 2933; x_wconf 77' lang='lat'>1134·</span> 
     </span>
     <span class='ocr_line' id='line_1_25' title="bbox 61 2976 1358 3076; baseline 0.002 -24"><span class='ocrx_word' id='word_1_200' title='bbox 61 2991 197 3055; x_wconf 87' lang='lat' dir='ltr'><strong>tionem.</strong></span> <span class='ocrx_word' id='word_1_201' title='bbox 234 2991 440 3057; x_wconf 89' lang='lat' dir='ltr'><strong>Balmensem</strong></span> <span class='ocrx_word' id='word_1_202' title='bbox 459 2992 633 3057; x_wconf 81' lang='lat' dir='ltr'><strong>abbatem³</strong></span> <span class='ocrx_word' id='word_1_203' title='bbox 655 2993 753 3057; x_wconf 84' lang='lat' dir='ltr'><strong>tertio</strong></span> <span class='ocrx_word' id='word_1_204' title='bbox 777 3014 835 3076; x_wconf 92' lang='lat' dir='ltr'><strong>per</strong></span> <span class='ocrx_word' id='word_1_205' title='bbox 857 2994 984 3057; x_wconf 86' lang='lat' dir='ltr'><strong>litteras</strong></span> <span class='ocrx_word' id='word_1_206' title='bbox 1008 2992 1222 3072; x_wconf 89' lang='lat' dir='ltr'><strong>evocavimus,</strong></span> <span class='ocrx_word' id='word_1_207' title='bbox 1247 2997 1284 3055; x_wconf 87' lang='lat' dir='ltr'><strong>ut</strong></span> <span class='ocrx_word' id='word_1_208' title='bbox 1306 2976 1358 3054; x_wconf 87' lang='lat' dir='ltr'><strong>de</strong></span> 
     </span>
     <span class='ocr_line' id='line_1_26' title="bbox 61 3096 1344 3181; baseline 0 -21"><span class='ocrx_word' id='word_1_209' title='bbox 61 3096 210 3161; x_wconf 87' lang='lat' dir='ltr'><strong>ecclesiis</strong></span> <span class='ocrx_word' id='word_1_210' title='bbox 234 3104 268 3162; x_wconf 83' lang='lat' dir='ltr'><strong>et</strong></span> <span class='ocrx_word' id='word_1_211' title='bbox 297 3100 394 3163; x_wconf 90' lang='lat' dir='ltr'><strong>terris</strong></span> <span class='ocrx_word' id='word_1_212' title='bbox 425 3099 465 3164; x_wconf 89' lang='lat' dir='ltr'><strong>de</strong></span> <span class='ocrx_word' id='word_1_213' title='bbox 488 3099 655 3165; x_wconf 91' lang='lat' dir='ltr'><strong>Poliniaco</strong></span> <span class='ocrx_word' id='word_1_214' title='bbox 682 3098 889 3163; x_wconf 84' lang='lat' dir='ltr'><strong>Eduensibus</strong></span> <span class='ocrx_word' id='word_1_215' title='bbox 923 3101 1085 3165; x_wconf 88' lang='lat' dir='ltr'><strong>canonicis</strong></span> <span class='ocrx_word' id='word_1_216' title='bbox 1118 3098 1344 3181; x_wconf 72' lang='lat' dir='ltr'><strong>responderet,</strong></span> 
     </span>
    </p>

    <p class='ocr_par' dir='ltr' id='par_1_12' title="bbox 60 3205 1346 3610">
     <span class='ocr_line' id='line_1_27' title="bbox 62 3205 1346 3290; baseline 0 -24"><span class='ocrx_word' id='word_1_217' title='bbox 62 3210 94 3266; x_wconf 87' lang='grc'><strong>61</strong></span> <span class='ocrx_word' id='word_1_218' title='bbox 118 3205 274 3285; x_wconf 86' lang='lat' dir='ltr'><strong>quoniam</strong></span> <span class='ocrx_word' id='word_1_219' title='bbox 296 3205 367 3289; x_wconf 90' lang='lat' dir='ltr'><strong>ipse</strong></span> <span class='ocrx_word' id='word_1_220' title='bbox 391 3206 432 3270; x_wconf 91' lang='lat' dir='ltr'><strong>ad</strong></span> <span class='ocrx_word' id='word_1_221' title='bbox 455 3228 514 3272; x_wconf 89' lang='lat' dir='ltr'><strong>nos</strong></span> <span class='ocrx_word' id='word_1_222' title='bbox 537 3207 647 3272; x_wconf 92' lang='lat' dir='ltr'><strong>venire</strong></span> <span class='ocrx_word' id='word_1_223' title='bbox 671 3213 902 3290; x_wconf 89' lang='lat' dir='ltr'><strong>contempnens</strong></span> <span class='ocrx_word' id='word_1_224' title='bbox 926 3207 965 3271; x_wconf 94' lang='lat' dir='ltr'><strong>de</strong></span> <span class='ocrx_word' id='word_1_225' title='bbox 994 3229 1053 3271; x_wconf 89' lang='lat' dir='ltr'><strong>sua</strong></span> <span class='ocrx_word' id='word_1_226' title='bbox 1082 3205 1286 3270; x_wconf 89' lang='lat' dir='ltr'><strong>contumacia</strong></span> <span class='ocrx_word' id='word_1_227' title='bbox 1314 3208 1346 3267; x_wconf 93' lang='lat' dir='ltr'><strong>et</strong></span> 
     </span>
     <span class='ocr_line' id='line_1_28' title="bbox 61 3311 1345 3397; baseline -0.001 -23"><span class='ocrx_word' id='word_1_228' title='bbox 61 3311 214 3375; x_wconf 84' lang='lat' dir='ltr'><strong>absentia</strong></span> <span class='ocrx_word' id='word_1_229' title='bbox 236 3312 357 3376; x_wconf 89' lang='lat' dir='ltr'><strong>lucrari</strong></span> <span class='ocrx_word' id='word_1_230' title='bbox 379 3335 443 3378; x_wconf 92' lang='lat' dir='ltr'><strong>non</strong></span> <span class='ocrx_word' id='word_1_231' title='bbox 469 3312 580 3395; x_wconf 88' lang='lat' dir='ltr'><strong>debet,</strong></span> <span class='ocrx_word' id='word_1_232' title='bbox 613 3335 672 3396; x_wconf 93' lang='lat' dir='ltr'><strong>per</strong></span> <span class='ocrx_word' id='word_1_233' title='bbox 695 3315 875 3397; x_wconf 91' lang='lat' dir='ltr'><strong>apostolica</strong></span> <span class='ocrx_word' id='word_1_234' title='bbox 897 3314 958 3378; x_wconf 87' lang='lat' dir='ltr'><strong>tibi</strong></span> <span class='ocrx_word' id='word_1_235' title='bbox 990 3314 1112 3396; x_wconf 84' lang='lat' dir='ltr'><strong>scripta</strong></span> <span class='ocrx_word' id='word_1_236' title='bbox 1139 3312 1345 3396; x_wconf 90' lang='lat' dir='ltr'><strong>precipimus,</strong></span> 
     </span>
     <span class='ocr_line' id='line_1_29' title="bbox 61 3418 1346 3502; baseline -0.002 -20"><span class='ocrx_word' id='word_1_237' title='bbox 61 3418 232 3500; x_wconf 88' lang='lat' dir='ltr'><strong>quatinus,</strong></span> <span class='ocrx_word' id='word_1_238' title='bbox 261 3419 403 3502; x_wconf 90' lang='lat' dir='ltr'><strong>acceptis</strong></span> <span class='ocrx_word' id='word_1_239' title='bbox 426 3418 477 3484; x_wconf 93' lang='lat' dir='ltr'><strong>his</strong></span> <span class='ocrx_word' id='word_1_240' title='bbox 501 3419 635 3501; x_wconf 84' lang='lat' dir='ltr'><strong>litteris,</strong></span> <span class='ocrx_word' id='word_1_241' title='bbox 659 3420 829 3485; x_wconf 83' lang='lat' dir='ltr'><strong>Eduenses</strong></span> <span class='ocrx_word' id='word_1_242' title='bbox 858 3422 1030 3485; x_wconf 88' lang='lat' dir='ltr'><strong>canonicos</strong></span> <span class='ocrx_word' id='word_1_243' title='bbox 1055 3420 1178 3486; x_wconf 87' lang='lat' dir='ltr'><strong>eisdem</strong></span> <span class='ocrx_word' id='word_1_244' title='bbox 1202 3418 1346 3483; x_wconf 90' lang='lat' dir='ltr'><strong>ecclesiis</strong></span> 
     </span>
     <span class='ocr_line' id='line_1_30' title="bbox 60 3525 771 3610; baseline 0.006 -21"><span class='ocrx_word' id='word_1_245' title='bbox 60 3532 93 3589; x_wconf 90' lang='grc'><strong>61</strong></span> <span class='ocrx_word' id='word_1_246' title='bbox 117 3525 214 3590; x_wconf 90' lang='lat' dir='ltr'><strong>terris</strong></span> <span class='ocrx_word' id='word_1_247' title='bbox 238 3526 328 3591; x_wconf 89' lang='lat' dir='ltr'><strong>salvo</strong></span> <span class='ocrx_word' id='word_1_248' title='bbox 347 3527 422 3609; x_wconf 88' lang='lat' dir='ltr'><strong>jure</strong></span> <span class='ocrx_word' id='word_1_249' title='bbox 444 3527 576 3610; x_wconf 91' lang='lat' dir='ltr'><strong>proprio</strong></span> <span class='ocrx_word' id='word_1_250' title='bbox 597 3577 750 3592; x_wconf 90' lang='grc'><strong>......</strong></span> <span class='ocrx_word' id='word_1_251' title='bbox 756 3529 771 3570; x_wconf 72' lang='lat'><strong>¹³</strong></span> 
     </span>
    </p>

    <p class='ocr_par' dir='ltr' id='par_1_13' title="bbox 58 3741 1345 3823">
     <span class='ocr_line' id='line_1_31' title="bbox 58 3741 1345 3823; baseline -0.002 -18"><span class='ocrx_word' id='word_1_252' title='bbox 58 3741 140 3807; x_wconf 82' lang='lat'><strong>179.</strong></span> <span class='ocrx_word' id='word_1_253' title='bbox 175 3743 365 3803; x_wconf 77' lang='lat' dir='ltr'><strong>Innocentius</strong></span> <span class='ocrx_word' id='word_1_254' title='bbox 387 3745 423 3804; x_wconf 87' lang='grc' dir='ltr'><strong>ΙΙ</strong></span> <span class='ocrx_word' id='word_1_255' title='bbox 445 3746 620 3805; x_wconf 82' lang='lat' dir='ltr'><strong>monosterii</strong></span> <span class='ocrx_word' id='word_1_256' title='bbox 645 3746 675 3805; x_wconf 80' lang='lat' dir='ltr'><strong>S.</strong></span> <span class='ocrx_word' id='word_1_257' title='bbox 700 3746 831 3805; x_wconf 78' lang='lat' dir='ltr'><strong>Romani¹</strong></span> <span class='ocrx_word' id='word_1_258' title='bbox 858 3747 1026 3806; x_wconf 83' lang='lat' dir='ltr'><strong>Btaoicnsis</strong></span> <span class='ocrx_word' id='word_1_259' title='bbox 1047 3747 1250 3823; x_wconf 82' lang='lat' dir='ltr'><strong>possessiones</strong></span> <span class='ocrx_word' id='word_1_260' title='bbox 1279 3765 1345 3804; x_wconf 75' lang='lat' dir='ltr'><strong>coir-</strong></span> 
     </span>
    </p>

    <p class='ocr_par' dir='ltr' id='par_1_14' title="bbox 172 3850 1346 3929">
     <span class='ocr_line' id='line_1_32' title="bbox 172 3850 1346 3929; baseline -0.001 -20"><span class='ocrx_word' id='word_1_261' title='bbox 172 3850 282 3925; x_wconf 71' lang='lat' dir='ltr'><strong>finnat.</strong></span> <span class='ocrx_word' id='word_1_262' title='bbox 316 3852 437 3910; x_wconf 76' lang='lat' dir='ltr'><strong>Petrina</strong></span> <span class='ocrx_word' id='word_1_263' title='bbox 456 3853 595 3926; x_wconf 80' lang='lat' dir='ltr'><strong>abbatem,</strong></span> <span class='ocrx_word' id='word_1_264' title='bbox 616 3859 772 3929; x_wconf 76' lang='lat' dir='ltr'><strong>emevpente</strong></span> <span class='ocrx_word' id='word_1_265' title='bbox 790 3854 946 3913; x_wconf 65' lang='lat' dir='ltr'><strong>celebrante</strong></span> <span class='ocrx_word' id='word_1_266' title='bbox 964 3855 998 3913; x_wconf 89' lang='lat' dir='ltr'><strong>in</strong></span> <span class='ocrx_word' id='word_1_267' title='bbox 1017 3855 1178 3914; x_wconf 83' lang='lat' dir='ltr'><strong>obedientia</strong></span> <span class='ocrx_word' id='word_1_268' title='bbox 1194 3855 1346 3912; x_wconf 67' lang='grc'>1166161166</span> 
     </span>
    </p>

    <p class='ocr_par' dir='ltr' id='par_1_15' title="bbox 172 3956 668 4034">
     <span class='ocr_line' id='line_1_33' title="bbox 172 3956 668 4034; baseline 0.006 -19"><span class='ocrx_word' id='word_1_269' title='bbox 172 3956 303 4016; x_wconf 70' lang='lat' dir='ltr'><strong>nolanae</strong></span> <span class='ocrx_word' id='word_1_270' title='bbox 319 3959 536 4034; x_wconf 80' lang='lat' dir='ltr'><strong>persistentem,</strong></span> <span class='ocrx_word' id='word_1_271' title='bbox 561 3960 668 4019; x_wconf 69' lang='lat' dir='ltr'><strong>modat.</strong></span> 
     </span>
    </p>
   </div>
   <div class='ocr_carea' id='block_1_6' title="bbox 221 4076 1182 4152">
    <p class='ocr_par' dir='ltr' id='par_1_16' title="bbox 221 4076 1182 4152">
     <span class='ocr_line' id='line_1_34' title="bbox 221 4076 1182 4152; baseline 0.002 -22"><span class='ocrx_word' id='word_1_272' title='bbox 221 4076 292 4133; x_wconf 93' lang='lat' dir='ltr'><strong>Bibl.</strong></span> <span class='ocrx_word' id='word_1_273' title='bbox 311 4083 369 4133; x_wconf 86' lang='lat' dir='ltr'><strong>nat.</strong></span> <span class='ocrx_word' id='word_1_274' title='bbox 389 4078 475 4133; x_wconf 85' lang='lat' dir='ltr'><strong>Paris.</strong></span> <span class='ocrx_word' id='word_1_275' title='bbox 496 4096 547 4133; x_wconf 89' lang='lat' dir='ltr'><strong>ms.</strong></span> <span class='ocrx_word' id='word_1_276' title='bbox 566 4079 614 4135; x_wconf 83' lang='lat' dir='ltr'><strong>lat.</strong></span> <span class='ocrx_word' id='word_1_277' title='bbox 636 4081 722 4134; x_wconf 88' lang='grc'>12773</span> <span class='ocrx_word' id='word_1_278' title='bbox 741 4080 788 4135; x_wconf 88' lang='lat' dir='ltr'><strong>fol.</strong></span> <span class='ocrx_word' id='word_1_279' title='bbox 807 4082 842 4136; x_wconf 88' lang='lat'><strong>66</strong></span> <span class='ocrx_word' id='word_1_280' title='bbox 861 4098 956 4152; x_wconf 84' lang='lat' dir='ltr'><strong>apogr.</strong></span> <span class='ocrx_word' id='word_1_281' title='bbox 975 4080 1042 4134; x_wconf 87' lang='lat' dir='ltr'><strong>anni</strong></span> <span class='ocrx_word' id='word_1_282' title='bbox 1061 4098 1084 4135; x_wconf 90' lang='lat' dir='ltr'><strong>c.</strong></span> <span class='ocrx_word' id='word_1_283' title='bbox 1106 4080 1182 4135; x_wconf 88' lang='grc'>1680.</span> 
     </span>
    </p>
   </div>
   <div class='ocr_carea' id='block_1_7' title="bbox 56 4201 1514 4395">
    <p class='ocr_par' dir='ltr' id='par_1_17' title="bbox 56 4201 1514 4395">
     <span class='ocr_line' id='line_1_35' title="bbox 147 4201 1483 4287; baseline 0.003 -22"><span class='ocrx_word' id='word_1_284' title='bbox 147 4201 359 4271; x_wconf 88' lang='lat' dir='ltr'><strong>Innocentius</strong></span> <span class='ocrx_word' id='word_1_285' title='bbox 383 4205 553 4287; x_wconf 90' lang='lat' dir='ltr'><strong>episcopus</strong></span> <span class='ocrx_word' id='word_1_286' title='bbox 585 4225 697 4268; x_wconf 89' lang='lat' dir='ltr'><strong>servus</strong></span> <span class='ocrx_word' id='word_1_287' title='bbox 726 4226 891 4270; x_wconf 86' lang='lat' dir='ltr'><strong>servorum</strong></span> <span class='ocrx_word' id='word_1_288' title='bbox 914 4204 977 4269; x_wconf 92' lang='lat' dir='ltr'><strong>Dei</strong></span> <span class='ocrx_word' id='word_1_289' title='bbox 1004 4205 1121 4270; x_wconf 89' lang='lat' dir='ltr'><strong>dilecto</strong></span> <span class='ocrx_word' id='word_1_290' title='bbox 1150 4204 1216 4269; x_wconf 88' lang='lat' dir='ltr'><strong>fflio</strong></span> <span class='ocrx_word' id='word_1_291' title='bbox 1244 4205 1344 4270; x_wconf 92' lang='lat' dir='ltr'><strong>Petro</strong></span> <span class='ocrx_word' id='word_1_292' title='bbox 1400 4217 1483 4278; x_wconf 85' lang='lat'><strong>1135</strong></span> 
     </span>
     <span class='ocr_line' id='line_1_36' title="bbox 56 4308 1514 4395; baseline 0.001 -22"><span class='ocrx_word' id='word_1_293' title='bbox 56 4308 173 4374; x_wconf 92' lang='lat' dir='ltr'><strong>abbati</strong></span> <span class='ocrx_word' id='word_1_294' title='bbox 202 4309 358 4375; x_wconf 90' lang='lat' dir='ltr'><strong>ecclesiae</strong></span> <span class='ocrx_word' id='word_1_295' title='bbox 387 4310 419 4376; x_wconf 82' lang='lat' dir='ltr'><strong>S.</strong></span> <span class='ocrx_word' id='word_1_296' title='bbox 443 4311 585 4378; x_wconf 87' lang='lat' dir='ltr'><strong>Romani</strong></span> <span class='ocrx_word' id='word_1_297' title='bbox 613 4311 653 4376; x_wconf 92' lang='lat' dir='ltr'><strong>de</strong></span> <span class='ocrx_word' id='word_1_298' title='bbox 675 4312 792 4376; x_wconf 90' lang='lat' dir='ltr'><strong>Blavia</strong></span> <span class='ocrx_word' id='word_1_299' title='bbox 820 4313 954 4395; x_wconf 87' lang='lat' dir='ltr'><strong>eiusque</strong></span> <span class='ocrx_word' id='word_1_300' title='bbox 985 4311 1226 4376; x_wconf 90' lang='lat' dir='ltr'><strong>successoribus</strong></span> <span class='ocrx_word' id='word_1_301' title='bbox 1250 4333 1343 4394; x_wconf 89' lang='lat' dir='ltr'><strong>regu-</strong></span> <span class='ocrx_word' id='word_1_302' title='bbox 1361 4309 1449 4368; x_wconf 71' lang='lat' dir='ltr'><strong>Malt-</strong></span> <span class='ocrx_word' id='word_1_303' title='bbox 1462 4309 1514 4368; x_wconf 85' lang='lat'><strong>30·</strong></span> 
     </span>
    </p>
   </div>
   <div class='ocr_carea' id='block_1_8' title="bbox 146 4490 1341 4671">
    <p class='ocr_par' dir='ltr' id='par_1_18' title="bbox 146 4490 1341 4671">
     <span class='ocr_line' id='line_1_37' title="bbox 146 4490 1341 4557; baseline 0.004 -19"><span class='ocrx_word' id='word_1_304' title='bbox 146 4494 159 4518; x_wconf 77' lang='lat'>⁸</span> <span class='ocrx_word' id='word_1_305' title='bbox 179 4494 244 4539; x_wconf 65' lang='lat' dir='ltr'><strong>Mina</strong></span> <span class='ocrx_word' id='word_1_306' title='bbox 260 4493 325 4541; x_wconf 72' lang='lat' dir='ltr'><strong>dedit</strong></span> <span class='ocrx_word' id='word_1_307' title='bbox 342 4495 415 4542; x_wconf 82' lang='lat' dir='ltr'><strong>Henr.</strong></span> <span class='ocrx_word' id='word_1_308' title='bbox 437 4496 521 4557; x_wconf 68' lang='lat' dir='ltr'><strong>Ornata</strong></span> <span class='ocrx_word' id='word_1_309' title='bbox 539 4497 686 4542; x_wconf 76' lang='lat' dir='ltr'><strong>Parin&#39;ensis.</strong></span> <span class='ocrx_word' id='word_1_310' title='bbox 743 4490 755 4522; x_wconf 70' lang='lat' dir='ltr'><strong>b</strong></span> <span class='ocrx_word' id='word_1_311' title='bbox 773 4503 849 4542; x_wconf 79' lang='lat' dir='ltr'><strong>cetera</strong></span> <span class='ocrx_word' id='word_1_312' title='bbox 866 4497 954 4555; x_wconf 68' lang='grc'>(1666111,</span> <span class='ocrx_word' id='word_1_313' title='bbox 974 4496 1084 4555; x_wconf 58' lang='lat' dir='ltr'><strong>inferiore</strong></span> <span class='ocrx_word' id='word_1_314' title='bbox 1094 4495 1158 4554; x_wconf 82' lang='lat' dir='ltr'><strong>solii</strong></span> <span class='ocrx_word' id='word_1_315' title='bbox 1172 4502 1241 4552; x_wconf 80' lang='lat' dir='ltr'><strong>parta</strong></span> <span class='ocrx_word' id='word_1_316' title='bbox 1260 4495 1341 4544; x_wconf 76' lang='lat' dir='ltr'><strong>deleta.</strong></span> 
     </span>
     <span class='ocr_line' id='line_1_38' title="bbox 149 4593 1194 4671; baseline 0 -23"><span class='ocrx_word' id='word_1_317' title='bbox 149 4595 160 4625; x_wconf 90' lang='lat'><strong>¹</strong></span> <span class='ocrx_word' id='word_1_318' title='bbox 177 4593 253 4649; x_wconf 92' lang='lat' dir='ltr'><strong>diem</strong></span> <span class='ocrx_word' id='word_1_319' title='bbox 274 4597 306 4649; x_wconf 84' lang='lat'><strong>17</strong></span> <span class='ocrx_word' id='word_1_320' title='bbox 325 4613 362 4651; x_wconf 91' lang='lat' dir='ltr'><strong>m.</strong></span> <span class='ocrx_word' id='word_1_321' title='bbox 382 4596 465 4651; x_wconf 83' lang='lat' dir='ltr'><strong>Mart.</strong></span> <span class='ocrx_word' id='word_1_322' title='bbox 539 4595 611 4652; x_wconf 74' lang='lat' dir='ltr'><strong>⁹0f.</strong></span> <span class='ocrx_word' id='word_1_323' title='bbox 630 4597 704 4655; x_wconf 76' lang='lat' dir='ltr'><strong>Jaffc</strong></span> <span class='ocrx_word' id='word_1_324' title='bbox 721 4596 764 4651; x_wconf 90' lang='lat' dir='ltr'><strong>ed.</strong></span> <span class='ocrx_word' id='word_1_325' title='bbox 784 4614 825 4667; x_wconf 91' lang='lat' dir='ltr'><strong>pr.</strong></span> <span class='ocrx_word' id='word_1_326' title='bbox 845 4598 924 4652; x_wconf 84' lang='lat'><strong>5413.</strong></span> <span class='ocrx_word' id='word_1_327' title='bbox 998 4597 1008 4627; x_wconf 88' lang='lat'>³</span> <span class='ocrx_word' id='word_1_328' title='bbox 1025 4595 1194 4671; x_wconf 85' lang='lat' dir='ltr'><strong>Albericum.</strong></span> 
     </span>
    </p>
   </div>
   <div class='ocr_carea' id='block_1_9' title="bbox 0 0 1554 5056">
    <p class='ocr_par' dir='ltr' id='par_1_19' title="bbox 0 0 1554 5056">
     <span class='ocr_line' id='line_1_39' title="bbox 0 0 1554 5056; baseline 0 0"><span class='ocrx_word' id='word_1_329' title='bbox 0 0 1554 5056; x_wconf 95' lang='lat' dir='ltr'><strong> </strong></span> 
     </span>
    </p>
   </div>
  </div>
 </body>
</html>
