3104 5070
465 257 648 312 comesum
666 272 703 311 111
721 271 889 312 1110101111
906 258 960 313 422
1288 247 1352 309 265

62 418 212 498 videres,
236 439 295 482 nos
317 417 402 481 hanc
424 418 651 482 necessitatem
674 418 806 499 habere,
830 418 924 482 nobis
948 424 1061 483 contra
1089 440 1179 504 spem
1207 426 1353 486 nostram
1373 421 1468 483 1196.

60 506 129 589 'tua
152 525 281 589 viscera
303 524 458 588 clauseris
481 524 624 607 pietatis,
649 523 736 606 quod
759 524 855 606 absit,
879 524 1021 589 videaris
1046 526 1140 590 nobis
1164 526 1285 591 auferri
1313 527 1352 591 de

64 638 129 696 tua
150 630 351 695 liberalitate
370 628 536 710 fiduciam,
561 630 588 693 si
610 632 701 712 passi
724 630 880 695 fuerimus
903 631 937 694 11
959 637 1028 695 tam
1056 631 1226 697 favorabili
1254 655 1353 699 causa

64 739 161 821 piam
188 738 398 820 petitionem⁸
420 736 594 819 repulsam.

67 954 159 1019 422.
188 955 368 1015 Goelcsttocs
390 954 441 1013 ΙΙΙ
459 955 590 1030 episcopo
620 955 792 1014 Valcaiensc'
817 957 958 1028 mandit,
985 963 1020 1015 at
1045 958 1262 1016 moeccssmtbas
1288 961 1353 1017 011ιο

183 1063 305 1121 mallono
328 1061 552 1137 praeiudicium
571 1069 723 1136 poneretur
745 1081 790 1135 eo,
815 1063 894 1139 qaod
914 1063 1036 1137 mgnum
1056 1065 1154 1125 accis
1177 1065 1263 1124 iacta
1285 1085 1353 1124 coa-

183 1169 372 1229 suetcdicem
399 1169 531 1245 fratrum
556 1169 712 1244 hospitalis
735 1168 1000 1245 Hierosolymitoni
1026 1170 1212 1228 incestibus
1234 1177 1355 1245 portare

179 1276 362 1353 promiserit.
407 1276 479 1334 Alto
501 1276 589 1334 addit.

368 1376 486 1447 Autogr.
504 1376 535 1430 in
552 1376 641 1432 tabul.
660 1383 716 1431 nat.
736 1375 823 1430 Paris.
842 1375 874 1430 L.
894 1377 946 1431 235
965 1394 992 1430 1.
1014 1377 1055 1431 19.

164 1537 345 1604 Oelestinus
369 1540 538 1623 episcopus
570 1561 682 1604 servus
715 1560 880 1603 servorum
903 1537 965 1602 Dei
997 1538 1175 1603 venerabili
1202 1539 1351 1604 fratri..
1381 1557 1464 1617 1197

75 1644 287 1710 Valaniensi1
315 1648 465 1730 episcopo
493 1645 631 1710 salutem
662 1652 694 1709 et
723 1645 935 1728 apostolicam
958 1645 1226 1711 benedictionem.
1273 1646 1354 1711 Cum
1370 1647 1431 1706 Mai
1442 1648 1469 1706 8.

75 1755 142 1817 eius
167 1752 272 1817 vicem
295 1754 437 1835 gerimus
460 1753 493 1816 in
520 1755 631 1835 terris,
656 1753 712 1834 qui
739 1773 864 1834 pacem,
896 1773 994 1834 quam
1017 1757 1113 1815 natus
1141 1773 1199 1834 per
1222 1752 1354 1835 angelos

74 1859 158 1925 bone
182 1858 359 1924 voluntatis
382 1859 567 1924 hominibus
590 1860 769 1939 nunciavit,
794 1878 966 1940 resurgens
989 1858 1196 1941 postmodum
1220 1879 1354 1941 evange-

17 1964 27 1979 '
72 1965 187 2030 lizavit
210 1965 376 2048 discipulis
399 1987 458 2048 per
485 1987 519 2030 se
542 1967 662 2049 ipsum,
687 1987 751 2028 non
779 1963 877 2028 debet
904 1964 1067 2047 aliquibus
1096 1967 1354 2031 ammirationem

72 2072 221 2155 aliquam
245 2093 411 2154 generare,
436 2074 463 2136 si
486 2094 544 2155 pro
568 2072 653 2136 bono
676 2073 767 2155 pacis
791 2092 830 2135 ea
853 2071 1067 2136 concedamus
1083 2071 1270 2154 aliquando,
1291 2094 1354 2156 que

70 2202 138 2246 non
162 2185 273 2244 essent
295 2179 392 2243 aliter
415 2178 629 2243 concedenda.
675 2177 715 2241 In
738 2172 867 2242 tantum
896 2180 1016 2242 etenim
1046 2178 1183 2243 ecclesia
1205 2178 1355 2245 Romana

71 2286 291 2351 dissensionis·
310 2286 424 2350 vitium
448 2284 629 2349 detestatur
652 2290 685 2349 et
703 2285 873 2350 concordie
894 2284 1101 2366 amplectitur
1125 2286 1294 2367 unitatem,
1318 2293 1355 2350 ut

72 2394 117 2458 ad
140 2392 320 2459 tollendam
351 2393 529 2475 iurgiorum
560 2393 732 2456 materiem
760 2397 793 2456 et
821 2392 907 2455 inter
930 2391 1065 2455 ecclesie
1088 2390 1172 2456 filios
1196 2393 1286 2475 pacis
1310 2392 1353 2457 fe-

71 2500 154 2564 dera
178 2497 385 2564 reformanda
409 2499 548 2581 quedem
571 2499 642 2563 fieri
666 2499 884 2581 dispensative
908 2497 1073 2578 concedat,
1099 2519 1162 2580 que
1187 2499 1268 2564 alias
1292 2499 1355 2564 for·

72 2607 163 2670 sitan
182 2605 378 2688 prohiberet.
415 2605 510 2670 Unde
530 2607 557 2669 si
577 2604 655 2687 quid
673 2627 732 2688 pro
758 2606 842 2670 bono
866 2605 956 2688 pacis
979 2609 1089 2687 preter
1111 2605 1191 2668 iuris
1215 2606 1355 2688 rigorem

73 2712 115 2776 de
137 2712 277 2776 licencia
301 2712 386 2777 sedis
410 2711 587 2795 apostolice
612 2711 788 2794 aliquando
812 2712 977 2791 statuitur,
1002 2732 1066 2776 non
1086 2711 1183 2776 debet
1206 2734 1225 2776 a
1248 2719 1355 2795 poste-

72 2820 119 2882 ris
143 2818 179 2881 11
203 2824 429 2901 argumentum
453 2819 585 2899 assumi,
609 2825 646 2881 ut
669 2818 762 2900 quasi
786 2822 928 2881 tractum
947 2816 989 2880 ad
1008 2819 1275 2900 consequentiam
1298 2819 1355 2883 ali-

73 2924 195 3008 quibus
225 2926 328 3007 possit
355 2926 389 2988 11
422 2947 479 2989 suo
511 2925 581 2988 iure
613 2923 829 3006 preiudicium
860 2943 1026 3007 generare.
1073 2923 1159 2989 Sene
1183 2946 1256 2989 cum
1280 2925 1356 2990 01111

74 3031 118 3096 ad
142 3030 253 3095 sedem
277 3031 489 3114 apostolicam
513 3014 705 3095 accessisses
729 3030 868 3095 etvarie
891 3031 1026 3094 1110110
1051 3052 1089 3094 ac
1113 3030 1248 3097 dilectos
1272 3031 1355 3096 filios

73 3142 205 3203 nostros
228 3137 346 3203 iratres
369 3137 624 3204 Ierusolimitani
646 3137 816 3219 hospitalis
840 3137 1005 3218 preposite
1028 3135 1222 3201 fuissentin
1244 3143 1356 3202 nostra

76 3248 110 3308 et
123 3241 263 3307 fratrum
277 3250 462 3310 nostrorum
477 3244 647 3308 audiencia
667 3244 861 3326 questiones,
886 3242 1028 3325 tandem,
1052 3248 1090 3307 ut
1108 3245 1211 3308 omnis
1228 3245 1356 3326 questio

76 3350 254 3433 sopiretur,
288 3351 416 3433 signum
447 3352 552 3415 crucis
584 3352 677 3413 iuxta
709 3349 975 3414 consuetudinem
1002 3350 1178 3414 eorundem
1207 3349 1355 3431 fratrum,

76 3456 117 3520 de
142 3478 280 3538 quorum
308 3458 470 3523 consortio
497 3459 532 3521 in
561 3458 747 3540 episcopum
770 3454 861 3519 fuisti
884 3455 1024 3521 Domino
1048 3456 1240 3538 disponente
1263 3477 1356 3521 voca-

77 3568 145 3644 110,
179 3569 311 3646 portare
343 3565 377 3627 in
409 3563 553 3653 vestibus
586 3562 764 3646 promisisti
796 3567 829 3626 et
861 3562 901 3626 de
928 3562 1163 3644 indempnitate
1186 3562 1357 3646 hospitalis

77 3689 176 3753 super
200 3675 306 3736 castro
320 3671 462 3752 Margati
486 3670 525 3734 de
548 3671 684 3734 licencia
707 3680 818 3733 nostra
842 3690 895 3733 eos
914 3668 1087 3732 reddidisti
1100 3675 1157 3734 tuo
1176 3670 1357 3733 iuramento

77 3796 219 3840 securos.
267 3776 352 3859 Quia
374 3798 449 3843 vero
474 3776 615 3858 dubitas,
639 3797 679 3840 ne
696 3795 899 3840 successores
922 3776 970 3838 tui
995 3776 1140 3870 exemplo
1165 3775 1262 3839 simili
1286 3796 1357 3838 cru-

77 3903 147 3946 cem
171 3881 297 3948 deleme
322 3890 355 3948 et
376 3883 462 3949 idem
495 3888 734 3947 sacramentum
763 3881 858 3945 dictis
886 3880 1043 3946 fratribus
1066 3887 1212 3965 prestare
1241 3902 1357 3963 cogan-

77 3995 140 4070 tur,
166 3989 378 4072 petitionibus
401 3991 466 4053 tuis
490 3995 583 4072 grato
608 3993 835 4055 concurrentes
859 4008 994 4052 assensu
1022 3990 1223 4071 presentium
1247 3993 1356 4052 aucto-

76 4096 176 4160 ritate
200 4097 383 4178 statuimus,
407 4103 445 4160 ut
466 4117 524 4179 per
541 4096 603 4160 hoc
626 4094 751 4158 nullum
778 4096 824 4158 eis
847 4094 1061 4177 preiudicium
1085 4100 1270 4176 generetur,
1295 4095 1357 4157 nisi

76 4201 323 4284 predecessores
347 4208 420 4267 tuos
444 4202 581 4267 dominis
604 4202 747 4283 Margati
770 4201 850 4265 illud
864 4201 1057 4268 constiterit
1078 4201 1271 4283 prestitisse.
1304 4199 1357 4264 Ad

76 4309 137 4374 hec
161 4308 331 4373 libertates
355 4315 388 4373 et
410 4308 632 4372 immunitates
655 4291 862 4372 Valaniensis
893 4307 1027 4371 ecclesie
1051 4312 1085 4370 01
1108 4306 1357 4371 consuetudines

168 4493 179 4517 ⁸
197 4489 241 4552 pia
259 4490 379 4553 petitione
398 4508 418 4539 o.

169 4594 178 4623 ¹
199 4593 288 4648 Series
307 4592 497 4664 episcoporum
516 4592 727 4648 Valaniensium
747 4591 840 4646 adhuc
858 4590 1032 4662 inexplorata
1051 4596 1101 4645 est.
