3098 5056
225 240 290 301 214
624 233 767 308 Lucum
785 267 952 307 nersroncn
972 256 1031 309 355.
1052 256 1103 311 356

225 418 307 483 355.
330 419 445 478 1616166
468 418 519 476 ΙΙΙ
531 418 678 492 probibet,
710 437 747 477 ao
776 419 811 477 16
842 420 969 478 ecclesiis
1000 421 1175 479 6166661611
1197 421 1231 479 dc
1257 421 1371 480 Blouco
1399 421 1509 480 Laudo

334 526 395 602 filio·
416 526 599 584 sacerdotum
616 531 686 599 post
702 532 803 599 potres
820 525 964 600 61661616
986 526 1165 585 6661611661.

384 643 467 731 ¹Bibl.
486 649 544 698 1161.
563 642 650 697 Ρ6116.
670 643 738 698 (1611.
759 643 863 697 Baluze
882 643 916 697 58
944 643 991 698 fol.
1012 644 1071 698 210.
1100 662 1187 698 manu
1206 663 1227 699 6.
1246 659 1325 700 XVII.

49 794 203 854 1182-83
313 787 433 851 Lucius
462 787 632 868 episcopus
665 806 776 849 serrus
809 806 974 850 servorum
997 784 1059 849 Dei
1091 785 1217 851 dilectis
1245 786 1321 851 filiis
1345 788 1447 854 Petro
1476 796 1510 854 et

55 885 141 943 Mali·
154 885 205 942 28·
225 895 395 959 conventui
419 892 450 957 S.
474 891 601 956 Nicolai
626 890 664 955 de
679 891 804 955 Blanca
817 891 933 955 Lauda
957 891 1095 956 salntem
1120 898 1152 957 et
1175 887 1390 975 apostolicam
1409 895 1508 987 bene3

226 1001 409 1065 dictionem.
455 998 508 1062 Ad
532 997 730 1062 audientiam
758 998 960 1080 apostolatus
989 1000 1091 1063 nostri
1120 999 1323 1080 quorundam
1346 1002 1508 1067 relatione

225 1108 381 1190 pervenit,
406 1104 501 1187 quod,
527 1126 599 1169 cum
624 1103 662 1167 de
686 1126 786 1187 prava
805 1104 1037 1169 consuetudine
1057 1107 1184 1187 patriae
1204 1108 1269 1170 sint
1291 1129 1374 1190 pene
1395 1130 1507 1174 omnes

224 1213 406 1297 presbyteri
428 1212 557 1275 uxorati
581 1217 613 1275 61
636 1210 719 1276 filios
738 1211 890 1292 habeant,
910 1211 954 1293 hi,
975 1213 1030 1292 qui
1050 1213 1167 1276 vestris
1187 1213 1331 1278 ecclesiis
1351 1216 1508 1298 serviunt,

226 1321 253 1384 si
275 1319 359 1384 filios
384 1319 546 1399 ecclesias,
571 1319 604 1380 in
628 1317 745 1399 quibus
769 1324 880 1400 patres
903 1319 1104 1396 ministrant,
1135 1325 1210 1401 post
1237 1341 1291 1384 eos
1316 1323 1412 1403 quasi
1435 1323 1507 1387 iure

223 1426 420 1491 hereditario
452 1446 517 1489 non
548 1424 736 1507 permittitis
769 1423 949 1507 possidere,
984 1445 1057 1487 cum
1088 1425 1324 1491 archidiaconis
1353 1429 1405 1492 vel
1433 1429 1508 1493 aliis

127 1526 129 1531 ’
224 1533 370 1616 personis
403 1531 603 1596 secularibus
633 1531 807 1595 colludium
830 1531 944 1594 ineunt
976 1537 1033 1594 aut
1063 1552 1121 1612 per
1148 1532 1297 1597 laicalem
1326 1536 1508 1616 potentiam

225 1661 280 1704 eas
313 1639 458 1704 obtinere
491 1637 689 1701 contendunt
722 1642 754 1701 61
786 1657 842 1701 vos
874 1636 1026 1700 fraudare
1059 1638 1180 1721 iniquis
1208 1639 1506 1706 machinationibus

225 1746 411 1810 moliuntur.
459 1743 619 1825 Quoniam
642 1744 742 1826 igitur
764 1743 798 1805 in
823 1742 968 1807 ecclesiis
992 1746 1228 1809 successionem
1259 1752 1317 1837 6111
1338 1746 1509 1811 beneficiis

219 1851 453 1918 ecclesiasticis
473 1850 660 1914 constitutio
680 1849 835 1913 canoniea
855 1849 1047 1932 detestatur,
1065 1850 1124 1914 sub
1144 1827 1409 1918 interminatione
1430 1875 1508 1918 ana·

226 1960 379 2024 thematis
402 1956 620 2041 prohibemus,
645 1955 728 2020 filios
752 1955 958 2020 sacerdotum
980 1957 1014 2019 in
1039 1957 1182 2021 666166116
1206 1959 1323 2023 vestris
1352 1966 1430 2042 post
1451 1982 1509 2043 pa-

225 2073 292 2131 tres
315 2065 461 2148 proximo
484 2064 684 2143 ministrare,
718 2063 781 2125 nisi
804 2062 887 2126 forte
911 2063 1028 2145 aliquis
1053 2062 1165 2147 fuerit,
1199 2066 1286 2130 61166
1310 2087 1407 2147 quem
1436 2088 1510 2148 pro-

226 2179 298 2256 pter
321 2172 490 2235 scientiam
512 2169 563 2233 vel
586 2170 672 2232 11166
695 2169 955 2250 praerogativam
980 2169 1235 2252 dispensandum
1257 2173 1374 2236 merito
1398 2172 1510 2236 videa-

226 2286 289 2344 tur.
336 2277 425 2341 Nulli
457 2298 532 2358 ergo
565 2276 693 2340 omnino
725 2275 892 2339 hominum
924 2275 1035 2357 liceat,
1072 2276 1157 2341 hanc
1190 2279 1343 2360 paginam
1376 2285 1510 2344 nostrae

226 2384 452 2470 prohibitionis
484 2382 659 2463 infringere
691 2382 741 2445 vel
774 2403 856 2445 ausu
889 2383 917 2445 61
949 2383 1123 2447 temerario
1152 2385 1323 2449 contraire.
1372 2384 1407 2450 Si
1437 2387 1510 2467 quis

227 2499 335 2557 autem
367 2490 429 2554 hoc
461 2494 656 2571 attemptare
688 2489 956 2571 praesumpserit,
990 2488 1246 2571 indignationem
1277 2493 1508 2574 omnipotentis

226 2582 421 2663 1161611111.
446 2596 537 2660 Petri
560 2601 592 2659 61
614 2595 710 2658 Pauli
734 2595 953 2676 apostolorum
985 2596 1054 2659 61116
1084 2617 1118 2660 66
1141 2598 1268 2661 11616111
1290 2599 1510 2664 incursurum.

226 2706 349 2770 Datum
371 2702 508 2767 Velletri
531 2700 561 2765 V
584 2700 637 2764 Kl.
661 2701 767 2783 April.

761 2847 973 2854 ——..-

228 2973 313 3039 356.
336 2973 451 3033 166166
474 2972 524 3031 ΙΙΙ
543 2973 639 3032 abbati
661 2972 942 3047 1166166116116116661
965 2979 990 3031 61
1006 2974 1108 3048 priori
1130 2975 1163 3032 dc
1186 2974 1288 3033 Kolaoc'
1310 2976 1444 3048 maudut,
1477 2983 1509 3034 61

338 3081 468 3140 abbatom
490 3081 524 3138 dc
552 3079 680 3138 Wartrc'o
710 3079 869 3153 deponant,
898 3079 962 3138 6161
986 3080 1166 3155 probauerit,
1201 3100 1263 3139 soso
1294 3101 1357 3140 666
1387 3083 1511 3142 scienter

337 3188 426 3265 sol-sis
448 3186 551 3245 11116116
574 3186 741 3260 apostolicis
763 3204 855 3243 cosam
878 3204 945 3244 6666.

388 3305 459 3360 Bibl.
479 3311 537 3360 nat.
556 3305 642 3358 Paris.
662 3304 779 3359 1116161.
800 3304 886 3358 16992
905 3303 952 3358 fol.
973 3304 1045 3359 21912.
1075 3304 1191 3375 Scripsit
1203 3306 1338 3361 Martene.

52 3470 207 3533 1132„83
317 3448 439 3512 Lucius
462 3469 549 3530 papa
571 3444 625 3510 ΠΙ
653 3446 766 3511 abbati
790 3445 829 3510 de
852 3446 1108 3528 Meslagilebnrii
1137 3454 1169 3511 et
1196 3449 1297 3531 priori
1320 3448 1360 3513 de
1383 3447 1506 3513 Kelzei.

66 3562 188 3622 Maill.
228 3556 429 3620 Dilectorum
461 3553 602 3618 filiorum
633 3558 817 3618 nostrorum
851 3552 890 3616 de
913 3552 1044 3617 Vechiis
1073 3560 1106 3617 61
1134 3553 1172 3617 de
1197 3555 1320 3620 Tornot
1351 3555 1507 3620 abbatum

229 3667 261 3726 et
283 3661 419 3744 prioris⁸
452 3660 491 3723 de
515 3659 710 3724 Tornesberi
737 3660 880 3741 litteras,
913 3659 1088 3741 inquibus
1118 3681 1229 3724 eorum
1258 3661 1366 3744 sigilla
1388 3662 1507 3744 pende-

228 3768 317 3848 bant,
342 3767 540 3849 accepimus,
570 3787 609 3829 ex
632 3788 769 3848 quarum
792 3772 904 3830 1611616
927 3765 1020 3830 nobis
1044 3767 1199 3847 innotuit,
1233 3766 1320 3847 quod
1344 3789 1417 3831 cum
1445 3769 1507 3852 ipsi

227 3875 410 3938 litterarum
434 3873 579 3953 obtentu,
604 3894 685 3954 quas
701 3873 761 3936 sub
777 3873 905 3936 nomine
919 3871 1100 3936 Alexandri
1123 3872 1383 3955 praedecessoris
1403 3875 1507 3938 nostri

227 3985 427 4064 receperant,
451 3980 535 4042 inter
558 3980 731 4043 canonicos
760 3978 798 4042 de
822 3978 980 4042 Wartriia
1003 3984 1036 4042 61
1059 3981 1230 4045 canonicos
1259 3979 1299 4043 de
1323 3979 1507 4045 Giseburne

229 4109 333 4170 super.
348 4086 431 4151 cella
454 4084 493 4148 de
508 4085 607 4149 Libas
630 4085 808 4150 voluissent
827 4084 866 4148 de
891 4106 990 4149 causa
1014 4098 1222 4168 cognoscere,
1247 4085 1378 4150 tandem
1403 4087 1506 4151 abhas

229 4193 363 4258 ecclesie
388 4192 427 4257 de
451 4191 645 4272 Giddewrte,
669 4191 782 4255 habita
806 4192 899 4273 copia
921 4191 1119 4272 l'tterarum,
1144 4214 1199 4257 666
1227 4193 1395 4274 redarguit
1418 4192 1507 4257 falsi-

228 4301 306 4363 tatis
330 4306 372 4380 et,
397 4298 484 4380 quod
507 4319 562 4362 eas
588 4298 647 4362 sub
672 4298 818 4362 examine
843 4298 927 4362 sedis
952 4298 1150 4380 apostolicae
1178 4299 1278 4363 falsas
1309 4299 1506 4381 ostenderet,

117 4452 121 4459 .
229 4405 289 4469 aclb
316 4404 506 4469 mandatum
538 4425 649 4468 eorum
681 4403 896 4468 sufficientem
928 4405 1092 4487 praestitit
1126 4407 1318 4470 cautionem.
1374 4406 1508 4471 Abbate

317 4589 329 4613 ²
347 4586 473 4649 prioribus
492 4603 511 4634 c.
586 4584 599 4616 b
617 4588 651 4633 cic
668 4588 773 4634 emordet
790 4589 901 4634 Brccsloo
919 4601 959 4635 eas
977 4588 1030 4635 cod.
1049 4612 1052 4617 ·
