3098 5056
456 280 632 336 Onuunnrrs
651 295 687 335 111
706 295 874 336 srrsronnu
891 281 944 336 393
1270 265 1331 327 241

51 450 111 524 tes,
137 442 217 509 ordo
240 443 310 526 ipse
334 449 372 507 ut
395 442 538 507 creditur
560 442 736 507 miserante
755 442 896 507 Domino
920 440 1097 526 respirabit
1120 447 1153 505 et
1175 440 1515 523 tranquil-1188Iun.

51 549 114 616 lior
138 551 202 614 erit
225 555 258 614 et
282 549 400 614 clarior
431 549 466 612 in
498 569 536 614 eo
569 548 609 613 de
632 549 818 614 turbatione
847 549 1020 629 serenitas,
1055 569 1128 613 cum
1151 548 1238 612 velut
1261 549 1335 629 igne

54 656 275 722 tribulationis
315 660 466 720 excoctus
498 654 664 739 lucildiore
702 656 863 741 clarit)ate
901 654 1039 738 fulgebit
1078 654 1184 719 factus
1221 654 1336 720 fortior

56 769 127 847 post
148 763 288 828 ruinam.
334 762 496 828 Malorum
523 782 663 844 namque
688 763 917 845 experimentis
941 768 974 826 et
998 760 1087 825 duris
1110 782 1219 826 rerum
1243 782 1335 826 even-

57 871 140 935 tibus
162 890 257 934 mens
280 868 423 933 humana
442 868 576 934 docetur
599 867 717 933 futuris
737 868 889 952 periculis
913 867 1099 954 (ob)vi(are).
1142 866 1189 932 Te
1212 869 1334 950 itaque,

58 977 172 1041 dilecte
195 977 231 1040 in
253 973 382 1041 Christo
406 974 462 1057 fili,
486 997 664 1056 monemus,
696 997 848 1058 rogamus
872 975 1029 1039 attentius
1053 980 1086 1038 et
1116 975 1150 1037 in
1173 975 1335 1039 remissio·

59 1104 126 1147 nem
157 1083 358 1164 iniungimus
389 1087 612 1165 peccatorum,
651 1083 805 1163 quatinus
835 1087 970 1164 propter
1005 1080 1191 1146 huiusmodi
1223 1102 1336 1144 casum

60 1189 185 1254 solitam
218 1188 389 1272 (praedicti
411 1188 544 1274 o)rdinis
577 1187 733 1252 fratribus
766 1188 907 1270 gratiam
939 1209 1004 1252 non
1027 1187 1171 1269 elonges,
1204 1208 1264 1252 nec
1288 1188 1334 1251 eis

60 1295 197 1360 favorem
222 1301 315 1359 tuum
342 1301 400 1359 aut
430 1294 622 1360 elemosinas
651 1295 799 1358 caritatis
829 1293 1003 1358 subtrahas
1036 1300 1199 1359 consuete.
1247 1291 1335 1374 Quos
1370 1335 1372 1341 .

59 1408 143 1468 tanto
168 1384 313 1466 humano
335 1400 504 1485 bene(ficio
528 1400 677 1465 duximus
699 1401 882 1486 dig)nioreS‚
907 1406 1039 1483 quanto,
1064 1402 1205 1484 graviori
1232 1400 1335 1465 tribu-

58 1507 175 1574 latione
199 1508 359 1590 concussi,
384 1529 422 1573 eo
446 1508 584 1590 amplius
609 1506 753 1590 indigere
776 1512 964 1572 noscuntur.
1010 1507 1094 1572 Nam
1118 1506 1249 1583 afflictis
1272 1530 1335 1572 non

58 1622 101 1679 est
122 1614 291 1679 ullatenus
315 1612 471 1698 af(fli)ctio
495 1614 673 1697 ingerenda
697 1614 747 1677 vel
765 1612 1012 1695 multiplicanda
1031 1614 1212 1695 calamitas,
1237 1615 1335 1678 immo

57 1722 162 1803 potius
196 1726 247 1785 est
278 1720 435 1784 auxilium
468 1726 500 1784 et
531 1719 747 1784 humanitatis
776 1719 954 1785 consolatio
981 1719 1165 1785 tribuenda.
1212 1719 1336 1785 Datum

56 1826 211 1892 Laterani
235 1875 242 1890 .
265 1874 272 1889 .
294 1874 301 1889 .
325 1825 493 1891 Kalendas
515 1826 601 1908 Iulii,
626 1826 835 1910 pontificatus
859 1827 963 1890 nostri
987 1848 1072 1890 anno
1095 1828 1210 1910 primo.

139 1938 181 1998 Io
203 1939 290 1997 dorso
313 1938 479 1997 linearum
505 1940 678 1998 clausorum
707 1940 807 1997 eodem
834 1957 929 1996 maora
955 1939 1100 2012 saraptam
1128 1943 1184 1996 est:
1217 1929 1334 1997 'Nobili

55 2040 118 2106 viro
143 2039 257 2105 comiti
279 2038 319 2103 R.
345 2039 384 2104 de
407 2039 563 2104 Alvemia
585 2062 644 2123 pro
668 2039 826 2105 fratribus
850 2039 1105 2105 Grandimontis.

56 2379 141 2446 393.
170 2381 305 2440 comos
332 2380 384 2440 III
410 2381 537 2440 Heorico
568 2383 751 2443 Bitortconsi
782 2385 815 2442 de
841 2383 1007 2458 paneadis
1040 2381 1192 2441 monoteta
1224 2382 1334 2454 scribit,

165 2487 219 2564 qwi
241 2489 487 2548 recommunicare
508 2489 552 2548 ool
573 2490 720 2549 interdicti
743 2492 846 2550 dictim
868 2491 970 2566 officio
992 2489 1140 2547 celebrant.

276 2605 349 2661 Bibl.
367 2613 424 2664 nat.
444 2607 530 2662 Paris.
550 2608 620 2664 Ooll.
639 2609 744 2664 Baluze
764 2611 806 2664 79.
835 2609 882 2665 fol.
904 2609 963 2662 183.
992 2626 1013 2662 s.
1032 2620 1111 2662 XVII.

144 2765 292 2831 Clemens
316 2769 485 2851 episcopus
509 2789 619 2832 servus
644 2790 809 2833 serrorum
832 2769 894 2832 Dei
922 2767 1100 2833 venerabili
1130 2765 1224 2831 fratri
1246 2766 1334 2831 Hen-
1373 2779 1456 2838 1188

59 2875 121 2940 rico
154 2873 397 2958 archiepiscopo
406 2879 427 2956 1,
462 2875 661 2958 Aquitaniae
676 2900 679 2907 ·
694 2877 842 2958 primati,
880 2875 1020 2939 salutem
1053 2880 1086 2938 et
1122 2873 1336 2956 apostolicam
1353 2867 1474 2929 Iul·12·

60 2979 321 3046 benedictionem.
369 2980 593 3063 Significatum
626 2988 676 3046 est
702 2981 810 3064 nobis,
845 2982 931 3064 quod
956 2981 1065 3045 clerici
1091 2985 1168 3044 tuae
1198 2980 1334 3044 diocesis

10 3138 14 3181 ·.
61 3092 130 3167 post
153 3087 257 3151 latam
280 3087 313 3151 iu
341 3108 376 3152 se
403 3088 568 3153 interdicti
596 3088 647 3152 vel
677 3088 1018 3153 excommunicationis
1046 3087 1242 3151 sententiam
1266 3086 1335 3151 offi-

10 3190 15 3283 1
62 3193 106 3257 cia
136 3193 247 3258 divina
276 3193 339 3258 Dei
370 3195 486 3259 timore
518 3195 665 3277 neglecto
701 3200 734 3258 et
766 3194 969 3259 obedientiae
1002 3193 1121 3257 virtute
1153 3194 1336 3276 postposita

62 3299 219 3364 celebrare
241 3307 463 3383 praesumunt.
511 3299 673 3382 Quoniam
698 3322 774 3382 ergo
797 3307 909 3364 tantae
932 3300 1206 3383 praesumptionis
1235 3300 1335 3363 auda-

61 3405 136 3470 ciam
158 3429 225 3472 non
247 3407 341 3472 nobis
365 3407 399 3470 in
426 3407 676 3471 mansuetudine
710 3407 773 3471 olei
796 3406 853 3470 sed
881 3408 915 3469 in
943 3408 1135 3470 austeritate
1158 3407 1225 3469 vini
1248 3405 1335 3469 vide·

59 3515 106 3575 tur
127 3513 300 3595 agendum,
324 3513 551 3596 praesentibus
574 3514 636 3578 tibi
660 3513 779 3578 litteris
803 3513 1017 3595 indulgemus
1042 3519 1079 3576 ut
1101 3534 1258 3595 personas
1283 3534 1335 3578 eo·

57 3638 132 3700 rum,
158 3619 216 3701 qui
238 3625 313 3702 post
337 3621 532 3684 sententiam
551 3621 707 3684 canonice
726 3620 828 3684 latam
846 3619 908 3684 hoc
928 3625 1090 3682 attentare
1109 3639 1335 3703 praesumpse-

56 3725 125 3808 rint,
150 3725 195 3790 ad
217 3726 459 3810 reprimendum
481 3727 724 3791 inobedientiae
747 3727 862 3790 vitium
882 3727 951 3790 sine
970 3726 1114 3790 laesione
1134 3746 1172 3789 ao
1190 3725 1335 3809 periculo

10 3840 15 3919 ,'
56 3830 219 3915 diligenti⁸
250 3833 418 3899 custodiae
445 3833 654 3915 mancipandi
681 3833 732 3897 vel
755 3834 788 3896 in
812 3833 1011 3897 monasteria
1038 3832 1227 3896 retrudendi
1254 3831 1334 3896 libe-

53 3959 119 4002 ram
142 3938 268 4003 habeas
301 3941 476 4004 autoritate
509 3939 689 4022 apostolica
721 3939 921 4021 facultatem,
950 3946 987 4003 ut
1009 3940 1072 4022 ipsi
1097 3938 1213 4002 saltem
1242 3939 1334 4001 inviti

52 4045 137 4110 trahi
162 4043 303 4110 debeant
326 4047 368 4110 ad
392 4047 531 4110 salutem
555 4052 587 4110 et
611 4046 668 4110 alii
692 4045 839 4128 exemplo
867 4066 978 4110 eorum
997 4046 1127 4128 impune
1152 4045 1214 4108 sibi
1237 4045 1334 4108 licere

51 4173 113 4217 non
137 4150 275 4215 credant
300 4153 523 4217 inobedientes
556 4152 714 4237 praelatis
745 4153 884 4216 existere
913 4158 971 4216 aut
999 4152 1238 4216 ecclesiasticae
1264 4171 1334 4215 sen-

50 4259 176 4322 tentiae
200 4260 370 4323 contraire.
417 4259 540 4324 Datum
566 4259 724 4323 Laterani
753 4265 869 4341 quarto
897 4258 975 4323 Idus
1004 4258 1094 4340 Iulii,
1125 4256 1335 4341 pontificatus

50 4364 155 4430 nostri
178 4385 263 4430 anno
287 4366 402 4448 primo.

138 4513 152 4537 ⁸
169 4509 298 4573 diligentis
316 4529 336 4560 e.

127 4608 152 4644 ‘1
169 4612 345 4668 Bituricensi.

99 4721 287 4773 Lonwmmm,
305 4722 380 4773 Epist.
396 4721 462 4763 Pont.
477 4722 544 4764 Rom.
