3098 5056
217 266 280 328 272

716 449 778 479 num.
792 448 826 488 ep.
1388 447 1453 478 num.
1466 447 1500 488 ep.

215 510 412 578 Ordinationes,
432 510 467 563 ab
484 510 612 563 Eustacio
640 550 646 562 .
686 551 692 562 .
731 551 736 563 .

216 581 407 635 Ordinationes
426 586 453 635 et
471 582 652 635 dedicationes
686 622 692 634 .
731 621 736 634 .

214 704 357 770 Pastorali
375 715 554 768 moderamini
573 715 649 767 decet
686 753 692 766 .
730 753 736 766 .

215 794 363 848 Pastoralis
381 794 542 860 sollicitudo,
561 810 644 862 quam
685 833 691 845 .
730 833 736 844 .

215 866 339 919 Pastorcs
357 871 385 918 et
402 865 519 933 praelati
552 906 557 916 .
596 905 602 915 .
730 905 736 916 .

214 936 268 990 Per
285 937 354 989 alias
371 936 475 989 litteras
494 952 543 988 nos
597 976 602 987 .
641 976 647 987 .
685 975 691 988 .
730 975 736 988 .

215 1007 269 1062 Per
286 1009 382 1060 merita
400 1007 497 1060 beatae
552 1046 736 1058 .....

215 1078 339 1132 Perlatus
358 1084 398 1131 cst
416 1079 518 1131 clamor
536 1077 572 1129 ad
590 1094 669 1130 aures
689 1094 737 1131 no-

250 1154 327 1216 stras,
347 1150 421 1219 quod
439 1149 565 1203 ecelesias
596 1189 602 1201 .
640 1189 646 1200 .
685 1188 691 1200 .
729 1189 735 1200 .

215 1220 339 1275 Perlatus
357 1227 398 1274 est
415 1220 519 1273 clamor
536 1220 572 1272 ad
593 1236 672 1272 aures
690 1237 737 1272 5ο-

250 1296 326 1358 atras,
346 1292 420 1361 quod
438 1308 506 1345 uxor
552 1331 736 1343 .....

215 1362 345 1416 Perlectis
363 1362 460 1415 litteris
509 1401 736 1414 ......

215 1433 344 1488 Pervenit
361 1434 397 1486 ad
415 1450 494 1486 aures

215 1504 344 1559 Pervenit
367 1505 402 1557 ad
425 1522 475 1557 nos
494 1521 526 1557 ex
543 1505 737 1571 conquestione

251 1574 410 1628 dilectorum
463 1615 736 1628 .......

215 1646 345 1700 Pervenit
367 1647 403 1699 ad
426 1664 476 1699 555
494 1663 527 1699 ex
544 1646 738 1714 conquestione

250 1717 411 1770 dilectorum
464 1756 736 1770 .......

215 1788 345 1843 Pervenit
368 1789 403 1841 ad
421 1806 471 1841 nos
496 1805 527 1842 ex
545 1788 739 1857 conquestione

249 1877 347 1928 prioris
375 1901 381 1912 .
420 1869 428 1912 .’
465 1898 737 1912 .......

216 1930 346 1986 Pervenit
364 1931 399 1983 ad
417 1948 467 1984 nos
485 1947 517 1983 ex
535 1931 695 1983 transmissa
732 1969 738 1981 .

216 2002 346 2057 Pervenit
364 2001 400 2054 ad
418 2019 475 2066 nos,
495 2001 650 2070 quodlicet
687 2041 693 2052 .
732 2041 737 2052 .

216 2073 346 2127 Pervenit
363 2076 455 2125 autem
474 2073 509 2126 ad
527 2090 604 2125 5ο5.
643 2112 648 2124 .
687 2112 693 2123 .
732 2112 737 2124 .

216 2143 345 2210 Petimus,
365 2148 396 2196 ut
413 2142 561 2196 Paulinum
599 2184 604 2194 .
643 2183 648 2195 .
687 2183 693 2194 .
731 2183 737 2194 .

216 2214 283 2268 Post
300 2215 448 2268 discessum
467 2212 497 2268 O.
517 2220 545 2267 et
562 2214 594 2266 L.
642 2255 647 2265 .
687 2255 692 2266 .
731 2254 737 2265 .

215 2284 367 2355 Postquam
385 2284 421 2338 ab
440 2287 567 2354 episcopo
598 2326 604 2337 .
643 2326 648 2336 .

215 2355 397 2409 Postulationi
415 2362 521 2410 vestrae
554 2396 737 2408 .....

215 2426 410 2480 Praedecessor
427 2432 519 2480 noster
554 2467 737 2480 .....

216 2497 374 2551 Praefatum
393 2498 520 2551 clericum
554 2538 737 2551 .....

215 2568 359 2622 Praefatus
378 2569 597 2637 archiepiscopus
643 2609 649 2621 .
687 2609 693 2622 .
731 2609 737 2621 .

216 2639 404 2693 Praesentium
423 2640 494 2694 lator
511 2640 623 2708 Hugoni
643 2680 648 2692 .
687 2680 693 2692 ,
731 2680 737 2692 .

216 2711 404 2765 Praesentium
423 2712 495 2764 lator
512 2710 695 2780 Raimpuldus
731 2751 737 2763 .

216 2781 403 2836 Praesentium
422 2785 538 2851 portitor
599 2823 605 2834 .
643 2822 649 2834 .
687 2822 693 2834 ,
732 2822 738 2833 ,

216 2853 366 2907 Praeterito
385 2871 457 2907 anno
509 2893 737 2906 ......

216 2924 314 2978 Preces
332 2942 386 2994 que
404 2931 496 2978 nostro
554 2963 738 2976 .....

216 2995 401 3049 Presbiterum
419 3001 511 3049 autem
529 2995 674 3064 Luponetn
732 3034 737 3046 .

216 3066 408 3133 Presbiterum,
428 3084 510 3136 quem
529 3066 677 3134 apostolice
732 3105 739 3118 .

216 3137 406 3191 Priscillianus

217 3208 271 3263 Pro
290 3209 464 3262 ecclesiarum
483 3211 648 3262 incremento
688 3248 695 3260 .
733 3248 739 3260 .

217 3279 271 3334 Pro
289 3283 469 3350 integratione
486 3280 624 3349 prebende
643 3320 649 3331 .
689 3320 694 3331 .
733 3320 739 3331 .

217 3350 271 3404 Pro
290 3356 362 3404 statu
380 3352 555 3405 ecclesiarum
599 3392 604 3404 .
644 3392 649 3402 .
688 3391 694 3403 .
733 3391 739 3402 .

217 3421 271 3475 Pro
289 3425 419 3476 varietate
438 3440 614 3492 personarum
645 3462 651 3474 ,
689 3462 695 3474 .
734 3462 740 3473 .

218 3543 297 3633 Quae
315 3556 344 3606 in
362 3554 512 3607 canonibus
555 3593 739 3607 .....

218 3633 342 3697 Qualiter
360 3651 409 3701 per
427 3633 575 3702 apostolice
601 3675 606 3686 .
645 3675 650 3685 .
689 3674 695 3685 .
734 3673 740 3685 .

219 3705 307 3768 Quam
326 3722 422 3772 parum
442 3707 477 3756 sit
511 3744 740 3757 ......

219 3776 351 3839 Quamvis
368 3777 399 3842 is,
419 3778 467 3844 qui
485 3776 623 3828 reducitur
646 3817 651 3827 .
690 3816 695 3827 .
734 3816 740 3827 .

219 3846 328 3910 Quanta
346 3849 381 3899 sit
399 3845 569 3900 obedientiae
600 3888 606 3899 .
645 3887 651 3899 .

219 3917 327 3981 Quanto
346 3918 465 3986 amplius
483 3917 557 3971 beati
600 3958 606 3969 .
645 3958 650 3969 .
689 3958 695 3970 .
734 3957 740 3969 .

219 3990 328 4053 Quanto
346 3989 373 4042 b.
393 3989 533 4042 Benedicti
556 4029 741 4041 .....

219 4061 327 4124 Quanto
345 4059 478 4114 beneficia
496 4061 650 4129 graeiora.
689 4101 695 4112 .
734 4100 739 4111 .

219 4132 327 4195 Quanto
346 4131 506 4185 coenobium
525 4136 645 4184 vestrum
689 4171 694 4183 .
734 4171 740 4183 .

219 4203 327 4266 Quanto
346 4203 437 4256 dilecti
456 4201 504 4254 filii
523 4204 608 4254 nostri
645 4242 651 4253 .
690 4243 696 4254 .
735 4243 741 4254 .

219 4274 327 4337 Quanto
346 4276 374 4325 in
392 4273 506 4327 eeclesia
523 4272 577 4326 Dei
596 4273 687 4326 locum

219 4345 327 4408 Quanto
346 4347 433 4414 magis
451 4344 650 4398 habundante.
690 4385 695 4396 .
735 4385 741 4396 .

219 4416 327 4480 Quanto
346 4417 540 4470 monasterium
559 4417 646 4469 sancti
690 4456 696 4468 .
736 4456 741 4468 .

219 4487 327 4551 Quanto
346 4489 540 4540 monasterium
558 4492 680 4540 vestrum

219 4558 328 4623 Quanto
346 4558 426 4612 nobis
444 4563 471 4612 ct
489 4558 599 4612 ecclesie
646 4598 652 4610 .
692 4598 697 4609 .
736 4598 742 4609 .

219 4631 328 4693 Quanto
346 4635 517 4683 sacrosancta
535 4629 662 4683 Romana
692 4669 698 4681 .
736 4670 742 4680 .

776 514 826 561 113
882 508 991 572 Quanto
1010 509 1140 561 sincerius
1175 547 1407 560 ......
1448 511 1497 561 331

793 585 826 633 95
853 580 855 643 J
882 579 990 643 Quanto
1008 579 1153 648 specialius
1171 577 1362 632 coenobium.
1401 618 1407 630 .
1447 584 1498 632 389

882 650 990 714 Quanto
1008 650 1153 719 specialius
1172 650 1302 703 dilectum
1354 689 1361 702 .
1400 690 1407 702 .
1448 654 1497 703 349

793 718 826 766 66
882 721 990 785 Quanto
1008 721 1154 790 specialius
1172 722 1369 774 monasterium
1402 761 1408 772 .
1448 725 1496 774 318

775 798 826 846 245
853 796 855 807 '
882 792 990 856 Quanto
1008 797 1035 846 te
1054 795 1124 846 sicut
1140 809 1233 861 regem
1266 832 1272 844 .
1310 833 1316 844 .
1355 833 1362 843 .
1401 832 1407 844 ,
1448 797 1495 846 379

776 869 826 917 165
853 900 855 921 .
882 864 1118 928 Quemadmodum
1136 863 1303 933 apostolicae
1355 903 1361 915 .
1400 903 1407 917 ,
1448 867 1494 916 203

775 940 826 989 305
853 928 855 1003 1
882 934 1117 998 Quemadmodum
1136 935 1303 1004 apostolicae
1356 974 1362 986 .
1401 974 1408 986 .
1448 938 1493 987 238

776 1005 1181 1141 1411133133335·
1219 1047 1226 1130 :
1264 1046 1271 1128 3
1311 1045 1317 1129 3
1356 1045 1363 1128 1
1401 1045 1408 1128 :
1446 1009 1492 1129 rt

775 1152 826 1202 197
882 1148 1027 1212 Querelam
1046 1148 1161 1202 dilectae
1178 1149 1208 1201 in
1264 1188 1270 1200 .
1310 1187 1316 1200 .
1355 1188 1362 1200 .
1401 1187 1408 1199 .
1446 1151 1488 1200 401

882 1219 1027 1283 Querelam
1046 1219 1207 1273 dilectorum
1219 1217 1341 1272 filiorum
1360 1217 1409 1271 ab·

775 1296 826 1344 18ss
916 1290 988 1344 batis
1041 1329 1407 1343 .........

793 1367 824 1414 41
881 1361 1026 1426 Querelam
1045 1361 1207 1415 dilectorum
1224 1358 1346 1414 filiorum
1360 1376 1409 1413 no·

775 1437 827 1486 ¹2⁴
853 1480 855 1519 ι
881 1437 1136 1573 5333355
1175 1472 1317 1556 1:21
1356 1472 1362 1554 :
1401 1471 1408 1554 1

775 1579 826 1628 317
881 1574 1059 1709 guerelprum
1078 1576 1270 1628 enormitate.
1309 1614 1315 1626 .
1355 1613 1361 1626 .
1401 1614 1407 1626 .

907 1664 935 1698 ur
953 1663 976 1698 sr
997 1665 1005 1697 1
1024 1663 1131 1714 preesse
1176 1684 1409 1699 ......

776 1721 827 1771 367
882 1716 953 1781 Quia
971 1718 1137 1770 consuetudo
1174 1755 1407 1769 ......

882 1787 960 1854 Quia,
979 1804 1042 1840 cum
1059 1805 1102 1841 res
1120 1790 1156 1841 sit
1174 1826 1408 1840 ......

776 1864 827 1912 375
882 1858 954 1923 Quia
972 1859 1123 1912 devotionis
1141 1863 1188 1912 tue
1219 1898 1408 1911 .....

776 1935 827 1984 283
882 1930 953 1993 Quia
971 1932 1059 1983 omnis
1077 1935 1197 1999 potestas
1220 1969 1409 1982 .....

776 2006 828 2054 360
882 2000 953 2063 Quia
971 2006 1033 2069 post
1051 2001 1152 2054 multos
1177 2040 1409 2053 ......

776 2077 828 2126 284
882 2071 1001 2134 Quidam
1019 2071 1191 2140 parrochiani
1220 2111 1409 2124 .....

794 2149 827 2197 35
854 2169 856 2179 ·
882 2142 1000 2207 Quidam
1019 2160 1084 2196 sane
1103 2161 1131 2196 se
1133 2181 1409 2195 .......

775 2219 827 2268 220
882 2214 962 2277 Quod
980 2232 1029 2268 vos
1048 2215 1082 2267 de
1100 2213 1175 2267 beati
1221 2252 1410 2266 .....

687 2325 693 2336 .
722 2326 737 2339 s.
777 2290 827 2338 157
882 2285 1018 2349 Quoniam
1037 2286 1072 2338 ad
1090 2290 1210 2338 nostram
1265 2325 1271 2336 .
1310 2324 1317 2336 .
1356 2323 1363 2336 .

777 2361 827 2409 142
882 2355 1017 2419 Quoniam
1036 2357 1070 2409 de
1088 2360 1137 2410 tua
1154 2356 1317 2410 electione.
1357 2396 1363 2407 .
1404 2395 1410 2408 .

776 2433 828 2480 194
882 2427 1018 2490 Quoniam
1037 2427 1151 2481 dilectus
1169 2425 1243 2480 filius
1261 2431 1355 2480 noster
1402 2466 1409 2479 .

794 2504 827 2553 98
883 2497 1018 2561 Quoniam
1037 2501 1066 2551 in
1084 2516 1150 2568 agro
1176 2537 1410 2551 ......

794 2574 825 2622 51
883 2568 1019 2632 Quoniam
1038 2569 1109 2622 infra
1131 2608 1410 2623 .......

793 2646 828 2694 90
883 2639 1019 2703 Quoniam
1037 2639 1178 2693 Secundus
1220 2680 1410 2693 .....

777 2715 827 2765 117
883 2711 1027 2777 Quoniam,
1046 2716 1077 2765 ut
1095 2714 1134 2764 ait
1152 2710 1292 2780 apostolus
1356 2751 1362 2763 .
1403 2752 1409 2765 .

795 2787 828 2836 70
883 2781 1020 2846 Quoniam
1039 2784 1108 2835 sicut
1126 2785 1280 2850 accepimus
1310 2822 1316 2834 .
1356 2822 1362 2834 .
1402 2823 1408 2835 .

794 2858 827 2906 33
884 2852 1019 2916 Quoniam
1037 2856 1107 2906 sieut
1124 2852 1206 2906 fialae
1266 2894 1272 2906 .
1311 2893 1318 2906 .
1356 2893 1362 2904 .
1402 2893 1408 2906 .

776 2928 827 2978 405
884 2923 1060 2987 Quorundam
1079 2923 1166 2977 relatu
1184 2923 1309 2977 fidelium
1355 2963 1362 2976 .
1401 2965 1407 2977 .

794 3001 827 3049 57
884 2994 1014 3058 Quotiens
1032 2995 1126 3065 aliqua
1145 2996 1230 3064 digna
1266 3035 1272 3048 .
1312 3035 1318 3047 .
1357 3035 1364 3048 .
1402 3034 1408 3048 .

794 3072 828 3120 92
884 3065 1014 3129 Quotiens
1032 3066 1101 3119 illud
1120 3084 1137 3120 a
1155 3066 1234 3120 nobis
1266 3107 1272 3119 .
1311 3106 1317 3118 .
1357 3106 1363 3118 .
1401 3107 1407 3118 .
1487 3066 1512 3090 ‘

813 3143 828 3190 2
884 3136 1014 3200 Quotiens
1032 3140 1150 3206 peccatis
1169 3136 1341 3207 exigentibus
1402 3177 1408 3190 .

778 3284 827 3332 321
883 3259 1052 3338 Recepimus
1071 3270 1211 3340 querelam
1267 3312 1273 3323 .
1312 3311 1318 3323 .
1358 3311 1364 3323 .
1402 3310 1408 3322 .

777 3355 828 3404 382
882 3350 1009 3418 Receptis
1027 3356 1116 3405 vestre
1134 3351 1287 3404 devotionis
1313 3391 1319 3403 .
1357 3390 1364 3403 .
1402 3390 1408 3402 ,

778 3426 829 3484 274
883 3421 1001 3474 Rediens
1020 3421 1055 3474 ad
1073 3439 1122 3474 nos
1141 3421 1256 3474 dilectus
1312 3462 1318 3474 .
1357 3463 1362 3473 .
1401 3462 1407 3473 .

882 3492 1033 3546 Relationis
1051 3497 1156 3546 vestrae
1175 3497 1268 3546 tenore
1311 3534 1317 3544 .
1357 3533 1362 3544 .
1401 3533 1407 3544 .

779 3557 829 3605 112
883 3562 1011 3616 Relatum
1030 3564 1177 3632 apostolice
1195 3563 1253 3617 sedi
1311 3603 1317 3616 .
1357 3603 1363 3615 .
1402 3603 1408 3616 .
1463 3571 1505 3620 94

797 3638 829 3686 72
883 3634 1012 3687 Relatum
1031 3639 1072 3687 est
1089 3635 1168 3688 nobis
1187 3652 1219 3688 ex
1241 3638 1321 3703 parte
1343 3639 1393 3687 trra
1446 3642 1506 3691 354

779 3709 830 3758 303
855 3658 857 3777 1
883 3705 1012 3758 Relatum
1031 3711 1072 3759 est
1089 3706 1168 3759 nobis
1181 3710 1305 3774 exparte
1318 3710 1411 3759 vestra
1449 3714 1500 3762 358

797 3780 830 3828 27
856 3780 858 3843 ζ
883 3776 1034 3845 Religionis
1052 3777 1185 3845 probatur
1202 3778 1303 3830 iniuria
1359 3817 1365 3828 .
1403 3817 1410 3828 .
1484 3785 1500 3829 3

689 3868 695 3898 .-
734 3887 740 3898 .
779 3852 829 3900 379
856 3846 858 3869 ³
884 3847 1036 3916 Religionis
1054 3854 1142 3902 vestre
1161 3850 1327 3916 peticionem
1359 3889 1365 3901 .
1404 3888 1410 3900 .
1452 3856 1501 3904 136

780 3922 830 3970 192
883 3919 1053 3986 Reparatum
1072 3937 1181 3988 quoque
1224 3959 1411 3972 .....
1471 3926 1499 3975 10

779 3993 830 4042 207
884 3989 986 4043 Rerum
1005 3993 1091 4043 exitus
1110 3991 1242 4044 discretus
1270 4031 1276 4042 .
1315 4016 1321 4042 2
1361 4031 1367 4042 .
1406 4032 1413 4042 .
1451 3998 1498 4046 212

779 4065 830 4113 385
885 4060 938 4114 Res
958 4061 993 4114 ad
1011 4079 1060 4114 nos
1079 4064 1189 4114 omnino
1224 4102 1412 4114 .....
1451 4070 1497 4117 261

780 4136 830 4184 386
885 4131 939 4185 Res
958 4150 1014 4185 una
1044 4172 1412 4185 .........
1469 4140 1499 4187 43

780 4206 830 4254 342
885 4202 991 4256 Retulit
1008 4203 1132 4258 nobisG
1134 4244 1413 4256 .......
1452 4210 1500 4258 280

734 4314 740 4326 .
779 4278 830 4327 380
885 4273 991 4327 Retulit
1007 4274 1087 4328 nobis
1105 4274 1279 4328 Rainbaldus
1316 4315 1322 4326 .
1362 4315 1368 4326 .
1407 4316 1413 4328 .
1471 4281 1501 4328 73

780 4349 831 4397 373
886 4345 996 4398 Ricardi
1014 4345 1192 4399 Troarnensis
1224 4386 1413 4398 .....
1453 4352 1499 4400 201

780 4420 829 4468 371
858 4428 860 4469 t
886 4416 1023 4485 Rogabas
1042 4423 1074 4469 ut
1090 4416 1241 4486 presbitero
1271 4457 1277 4470 .
1316 4457 1322 4469 .
1362 4457 1368 4468 .
1407 4457 1413 4470 .
1455 4423 1502 4471 114

736 4491 832 4539 ,235

781 4562 832 4610 265
858 4478 861 4595 1
889 4537 1062 4619 Sacrilegum
1081 4567 1139 4604 esse
1158 4555 1186 4603 et
1228 4589 1415 4603 .....
1455 4557 1504 4608 185

781 4633 832 4681 230
859 4632 862 4694 ᾗ
888 4627 1066 4683 Sacrosanetn
1084 4629 1211 4684 Romana
1228 4628 1369 4684 ecclesia.
1408 4669 1414 4682 .
1454 4635 1505 4688 283

1539 608 1543 665 l

1533 670 1543 941 1

1537 948 1543 1033 1
