3098 5056
209 249 249 310 46
573 261 769 314 Ammoni
788 274 812 314 11
830 273 999 314 nmeronsn
1018 261 1059 314 91.
1089 260 1122 313 92

67 433 151 490 1064
206 425 368 506 legitimos
393 443 427 486 se
450 421 587 505 protulit
611 442 727 502 annos,
762 426 854 484 extra
887 442 979 484 suam
1010 421 1242 485 conscientiam
1270 443 1290 484 a
1313 427 1408 504 patre
1432 442 1491 504 pro

33 542 61 596 P·
73 522 145 595 Apr-
159 523 187 579 4·
207 530 319 594 eodem
343 529 421 592 data
444 529 591 610 pecunia.
631 526 716 608 Quia
734 549 809 592 vero
828 527 975 592 Romane
995 527 1162 608 aecclesie,
1187 533 1224 590 ut
1242 529 1312 609 ipse
1331 527 1492 609 multique

208 657 342 700 cumea
366 633 587 715 testabantur,
623 639 737 716 sponte
771 655 805 698 se
830 655 987 698 accusans
1012 635 1121 716 paruit
1148 636 1276 714 nuntio,
1311 635 1418 698 visum
1443 640 1493 698 est

207 742 312 823 nobis,
337 741 560 806 misericordia
584 746 727 822 cogente,
753 742 821 804 eius
845 740 1022 803 humilitati
1041 742 1093 822 pie
1114 741 1372 805 condescendere
1392 746 1492 822 atque

207 849 343 932 pristine
367 848 518 930 dignitati
550 869 609 931 per
640 853 804 911 nostram⁸
836 848 1063 911 reinvestiture
1091 846 1389 912 confirmationemb
1413 868 1492 911 eun·

208 956 281 1020 dem
314 955 498 1019 Froterium
531 955 714 1017 restituere.
769 954 982 1018 Reddidimus
1016 975 1092 1034 ergo
1128 954 1190 1018 sibi
1223 954 1275 1017 die
1307 953 1494 1036 palmarum

209 1062 342 1126 anulum
366 1067 398 1125 et
422 1062 628 1144 episcopatus
652 1059 814 1124 baculum.

209 1404 264 1469 91.
298 1405 461 1463 Alexander
483 1404 519 1462 ΙΙ
537 1403 804 1462 Mediolanensibus
829 1404 989 1478 (canonicis
1002 1405 1026 1478 t)
1056 1404 1207 1478 respondet
1229 1404 1263 1461 de
1285 1404 1493 1476 sacerdotibus,

297 1530 316 1569 o
344 1511 466 1573 Widone
488 1511 700 1584 archiepiscopo
724 1510 758 1567 ab
782 1509 881 1585 officio
904 1510 1064 1583 suspensis.

298 1629 366 1685 Coll.
386 1631 454 1684 Brit.
474 1629 553 1683 Alex.
574 1646 615 1698 ep.
632 1630 673 1695 25,
693 1628 723 1681 in
741 1627 799 1682 cod.
811 1627 884 1680 Mus,
896 1627 964 1680 Brit.
974 1627 1047 1680 Add.
1058 1628 1129 1682 8873
1148 1646 1168 1681 s.
1180 1642 1228 1681 ΧΠ
1247 1628 1284 1681 in.
1304 1628 1350 1683 fol.
1362 1629 1419 1683 42¹³.

94 1810 188 1868 1064,
297 1790 574 1855 Mediolanensis.⁰
617 1789 814 1870 Inquisitum
843 1793 893 1851 est
922 1810 941 1851 a
965 1788 1161 1870 quibusdam
1184 1788 1343 1870 religiosis
1368 1789 1493 1855 Medio-

208 1898 406 1978 lanensibus,
432 1896 518 1978 quod
543 1900 653 1959 sancte
679 1895 854 1978 apostolice
884 1895 952 1958 sedi
981 1895 1145 1959 videretur
1173 1917 1271 1978 super
1294 1895 1359 1959 illis
1384 1918 1492 1961 sacer-

209 2004 353 2084 dotibus,
384 2025 464 2085 quos
489 2002 684 2065 venerabilis
710 2000 873 2065 confrater
895 2007 1006 2065 noster
1029 2001 1128 2066 Wido
1156 2002 1420 2086 archiepiscopus
1450 2004 1492 2067 ab

209 2109 315 2175 officio
344 2109 522 2193 suspendit.
570 2108 695 2190 Quibus
727 2108 879 2170 nimirum
908 2109 1023 2172 merito
1053 2108 1278 2172 consulentesd
1311 2110 1493 2192 apostolica

209 2217 403 2281 auctoritate
436 2217 646 2299 precipimus,
681 2220 717 2277 ut
741 2215 787 2276 sic
811 2213 841 2276 ei
865 2214 996 2279 obedire
1021 2215 1187 2295 studeant,
1217 2216 1492 2297 quemadmodum

209 2324 305 2389 beato
328 2323 426 2387 Petro
452 2323 672 2406 apostolorum
691 2320 840 2404 principi,
866 2321 920 2401 qui
940 2343 1042 2402 usque
1062 2323 1096 2384 in
1119 2320 1216 2385 finem
1236 2323 1337 2387 seculi
1362 2324 1396 2385 in
1422 2345 1492 2387 suc-

210 2430 391 2494 cessoribus
416 2431 482 2493 suis
506 2428 661 2512 presidet,
686 2427 938 2509 qualescumque
964 2426 1093 2509 fuerint,
1119 2427 1250 2493 obedire
1275 2429 1430 2493 studebit.

211 2769 271 2834 92.
299 2771 462 2831 Aleaander
475 2772 511 2829 H
525 2771 650 2829 Girardo
664 2772 794 2845 episeopo
810 2772 941 2843 infanda,
965 2777 999 2829 nt
1016 2772 1227 2847 presbyteram,
1252 2773 1304 2848 qni
1319 2791 1388 2830 enni
1402 2791 1494 2830 neore
1518 2830 1520 2837 ,

293 2878 392 2952 patris
414 2877 578 2953 ferocientes
601 2879 653 2950 sit,
678 2896 697 2934 a
720 2879 812 2935 saeris
840 2878 993 2936 ordinibus
1016 2884 1170 2950 renrooeat,
1195 2879 1245 2936 sed
1266 2879 1300 2937 in
1324 2879 1495 2937 minoribns

296 2985 436 3059 praelibas
449 3003 622 3058 permanere
645 3003 713 3042 enni
736 2985 823 3043 sinm

558 3102 627 3157 con.
647 3104 714 3188 ern.
734 3103 812 3157 Alex.
833 3121 875 3173 ep.
896 3103 939 3169 ao,
958 3103 976 3156 1.
988 3069 1014 3156 i.
1034 3102 1081 3156 foi.
1101 3104 1143 3157 43.

97 3277 191 3336 1064,
302 3261 441 3327 Girardo
467 3264 643 3346 episcopo.l
689 3263 926 3343 Presbiterum,
961 3284 1056 3345 quem
1089 3264 1265 3346 apostolice
1299 3264 1384 3328 sedis
1418 3286 1494 3329 exa-

211 3370 291 3433 mini
314 3368 522 3432 iudicandum
546 3368 734 3433 fraternitas
758 3375 814 3432 tua
838 3370 969 3449 direxit,
1004 3370 1081 3450 quia
1104 3371 1207 3452 patris
1231 3370 1376 3451 thorum,
1409 3371 1494 3454 proh

213 3476 314 3557 dolor,
338 3475 479 3538 nefanda
503 3474 714 3540 fornicatione
739 3476 869 3558 sedavit,
894 3477 983 3558 prius
1003 3498 1023 3539 a
1038 3476 1138 3539 sacris
1155 3475 1340 3540 ordinibus⁸
1364 3477 1493 3560 deponi,

214 3581 329 3646 deinde
353 3602 429 3645 vero
443 3581 549 3644 iuxtaf
571 3603 730 3645 canonum
749 3583 830 3645 scita
844 3584 1021 3665 penitentie
1045 3603 1212 3645 censemus
1229 3581 1378 3649 'dominio
1402 3607 1493 3649 man·

214 3689 329 3771 cipari3
361 3688 583 3773 misericordia
611 3694 720 3752 tamen
744 3688 829 3770 flexi,
854 3710 1044 3771 permanere
1068 3709 1141 3751 eum
1165 3689 1197 3750 in
1226 3690 1404 3754 minoribus
1428 3714 1493 3756 nou

213 3794 422 3879 prohibemus
446 3794 611 3876 gradibus
637 3815 696 3856 nec
720 3796 964 3859 communioneg
989 3794 1137 3857 iubemus
1161 3796 1293 3877 privari,
1317 3818 1358 3860 ne
1381 3798 1414 3860 in
1440 3798 1493 3862 de-

214 3902 432 3985 sperationem
457 3900 607 3965 omninoh
630 3900 761 3963 labatur
785 3902 844 3963 sui.
888 3899 1021 3982 Semper
1045 3902 1131 3964 enim
1155 3903 1318 3966 reminisci
1338 3903 1494 3968 debemus

139 4088 146 4102 ·
214 4008 425 4090 fragilitatem
449 4008 481 4069 in
506 4006 601 4085 aliisi,
627 4028 691 4087 qua
715 4007 884 4087 trahimur,
910 4008 1026 4070 carnis.

302 4194 313 4216 ⁸
332 4192 414 4236 nostre
432 4191 483 4236 cod.
504 4191 581 4234 alieno
600 4204 682 4234 rrrnnus
700 4191 796 4235 mactarit
814 4191 838 4234 in
857 4193 974 4235 nostram.
1030 4185 1041 4217 ¹³
1061 4188 1276 4252 eoderu(?)rnorras
1284 4196 1447 4252 superscripsit
1461 4197 1494 4242 et.

214 4285 224 4307 ⁰
243 4281 376 4339 Inscriptio,
396 4281 443 4324 sine
462 4279 531 4324 dnbio
550 4278 644 4335 arcaida,
668 4278 798 4336 milrplcudo
819 4268 1059 4324 eidem-'canonicis
1084 4277 1202 4326 ecclesiae
1227 4279 1292 4328 Med.
1384 4277 1396 4307 ‘¹
1415 4284 1497 4329 niellus

649 4355 656 4382 ι

211 4407 318 4469 placeret
336 4401 530 4450 consulentibus.
604 4399 725 4447 editibus
743 4403 768 4447 in
786 4403 837 4450 roal.
855 4411 909 4462 prost
926 4419 1041 4451 rasarone.
1107 4399 1117 4429 ¹¹
1132 4403 1199 4450 iusta
1217 4421 1237 4451 c.
1302 4409 1378 4452 ssirrnr
1398 4409 1422 4452 in
1441 4408 1496 4454 eorl.

214 4501 340 4541 correctura
358 4508 385 4538 ea
404 4504 543 4538 conrmune.
613 4483 727 4536 homino
746 4507 765 4538 e.
834 4486 885 4536 iin
906 4490 962 4537 aliis
981 4493 1059 4537 albiza
1077 4508 1147 4538 marin
1164 4495 1190 4539 in
1207 4496 1311 4553 marqine
1328 4504 1361 4541 est
1379 4496 1495 4543 (alatiano.

305 4596 315 4624 ¹
334 4593 528 4647 'tricastinensi
548 4591 686 4661 simulque
697 4592 876 4659 Arausiesno,
895 4592 928 4646 ct
939 4592 958 4646 J
961 4593 1012 4646 affe
1029 4592 1070 4646 ed.
1082 4593 1167 4662 princ.
1178 4594 1346 4661 3481,348·2.
1366 4596 1497 4666 (Euald.)
