3098 5056
466 283 639 338 Paeonius
656 297 681 337 11
699 297 866 339 urrsronin
885 284 936 338 138
1293 267 1336 328 67

60 444 211 509 stolicam
238 443 505 508 benedictionem.
551 443 649 507 quta
677 449 864 508 sanctorum
892 463 1050 506 canonum
1079 442 1246 506 sanciones
1274 461 1338 504 non
1367 439 1451 500 1099
1464 442 1504 518 (t)

60 553 209 634 ignotum
232 550 324 615 vobis
357 550 517 614 credimus
549 549 646 632 quid·
669 549 801 614 ultionis
825 554 956 614 maneat
980 547 1190 612 ecclesiastici
1218 546 1339 610 ordinis
1356 529 1507 590 Mari-14·

61 660 139 722 viris
164 657 343 740 apostolice
362 656 447 722 sedis
466 662 642 740 praecepta
661 657 916 740 spernentibusb.
952 654 1022 739 Ipsi
1042 656 1127 719 enim
1143 653 1341 717 Arvernensi

63 765 219 830 concilio1
252 763 405 846 affuistis,
437 764 471 827 in
495 784 573 845 quo,
605 762 823 828 residentibus
847 762 951 844 nobis,
976 761 1158 828 Galliarum
1182 761 1341 844 episcopis

64 872 188 936 dictum
212 876 271 952 est,
297 876 330 935 et
351 870 572 954 praesentium
594 870 777 935 litterarum
801 871 995 935 auctoritate
1014 867 1191 949 firmamus,
1215 872 1253 932 ut
1275 867 1341 949 epi-

64 980 154 1062 scopi
178 978 230 1042 vel
253 977 487 1060 archiepiscopi
511 998 608 1060 super
636 976 813 1059 quemlibet
840 976 1071 1041 monachorum
1093 973 1342 1039 Vindocinensis

63 1085 253 1150 monasterii
276 1090 472 1167 potestatem
495 1084 639 1166 aliquam
662 1104 812 1148 exercere
835 1085 902 1148 sive
926 1081 966 1146 de
989 1081 1086 1146 rebus
1110 1081 1253 1145 eiusdem
1280 1080 1342 1145 loci

63 1193 242 1275 quicquam
271 1191 450 1256 distrahere
478 1212 543 1255 non
569 1196 788 1273 praesumant.
835 1189 1069 1255 Monasterium
1095 1189 1202 1271 ipsum
1230 1190 1267 1250 et'
1289 1207 1342 1250 res

64 1299 107 1363 ad
130 1298 365 1364 monasterium
387 1297 587 1380 pertinentes
610 1296 707 1361 beato
730 1296 829 1361 Petro
853 1303 887 1361 et
909 1297 978 1360 eius
996 1296 1164 1361 Romanae
1188 1294 1343 1358 ecclesiae

63 1407 99 1470 in
123 1405 280 1470 allodium
303 1410 336 1470 et
357 1404 588 1487 patrimonium
612 1403 742 1468 oblatae
767 1409 851 1486 sunt,
875 1409 922 1485 ut,
947 1402 1101 1485 quicquid
1125 1402 1193 1466 sine
1211 1400 1344 1464 licentia

64 1512 222 1577 Romani.
240 1509 402 1595 pontificis
435 1510 629 1574 distractum
662 1511 728 1575 sive
761 1509 934 1574 diffinitum
967 1509 1078 1597 fuerit,
1111 1509 1239 1572 irritum
1272 1507 1343 1571 erit.

64 1619 291 1702 Praecipimus
319 1638 408 1700 ergo,
433 1622 479 1698 ut,
504 1616 590 1699 quod
614 1617 735 1681 dietum
760 1621 823 1698 est,
848 1618 977 1681 omnino
1000 1621 1150 1679 teneatur
1172 1635 1232 1678 nec
1255 1615 1343 1697 quic·

66 1747 168 1807 quam
201 1724 280 1789 illud
311 1744 407 1806 agere
439 1724 666 1807 praesumatis,
712 1721 808 1805 Sane,
833 1723 919 1806 quod
942 1723 1033 1788 vobis
1057 1722 1203 1802 dicimus,
1228 1721 1344 1784 ceteris

66 1853 197 1915 quoque
229 1831 388 1914 episcopis
420 1830 637 1913 praecipimus
670 1829 916 1894 observandum.
972 1829 1006 1896 Si
1037 1829 1109 1911 quis
1140 1848 1215 1892 vero
1251 1827 1345 1890 aliter

65 1938 182 2003 fecerit
205 1943 239 2001 et
268 1937 445 2001 satisdare⁰
472 1932 703 2019 contempserit
726 1958 746 2001 a
770 1943 902 2002 sanctae
926 1936 1082 2000 ecclesiae
1104 1933 1269 1997 liminibus
1294 1955 1344 1997 ar-

64 2051 180 2110 ceatur
221 2049 253 2107 et
292 2064 397 2126 usque
433 2043 476 2108 ad
515 2040 770 2108 satisfactionem
807 2041 1129 2108 excommunicationi
1167 2040 1343 2104 subiaceat.

65 2152 191 2216 Datum
215 2150 340 2216 Romae
362 2149 398 2214 Π
420 2148 499 2214 Idus
522 2149 644 2214 Martii.

602 2315 814 2322 *-

65 2439 150 2504 138.
181 2439 334 2497 Paschalis
347 2439 384 2497 Π
397 2438 543 2514 &aufrido
561 2438 692 2515 episeopo
702 2438 903 2514 Aadepcoeosi
920 2438 1057 2514 officiam
1069 2436 1241 2496 smadotele
1256 2436 1346 2494 iater-

180 2546 260 2618 dieit,
284 2545 372 2605 donee
389 2545 693 2605 Maiori-moaosteiio
716 2546 749 2605 de
766 2545 884 2621 rapieris
906 2545 941 2603 io
962 2544 1074 2603 castello
1098 2544 1243 2603 Columna
1260 2543 1347 2618 foetis

181 2652 359 2728 satisfecerit.
406 2652 566 2729 Praecipit,
589 2658 623 2711 eet
650 2671 669 2710 o
695 2651 806 2710 clericis
832 2651 899 2710 suis
919 2651 1117 2727 praebendum
1146 2650 1176 2709 S.
1200 2649 1348 2707 Leoocrdi

186 2759 425 2818 Gemiliceeasem
447 2759 592 2835 frutribus
614 2759 731 2817 restitui
752 2758 855 2816 iubeat.

213 2877 284 2933 Bibl.
304 2883 361 2932 nat.
380 2877 466 2932 Paris.
486 2880 512 2948 1)
532 2895 583 2932 ms.
602 2878 650 2932 lat.
671 2878 758 2932 12878
776 2877 823 2932 fol.
843 2877 904 2943 372,
932 2877 958 2945 2)
978 2875 1095 2930 malet.
1116 2875 1203 2929 12880

392 2966 438 3022 fol.
458 2968 519 3033 2013
537 2966 610 3021 duae
628 2966 723 3037 copiae
742 2983 759 3020 a
776 2965 915 3020 Martenio
933 2965 1031 3019 factae.

160 3125 331 3191 Paschalis
359 3126 530 3210 episcopus
563 3147 674 3190 servus
707 3147 872 3190 servorum
895 3125 957 3189 Dei
990 3124 1106 3188 dilecto
1138 3122 1233 3186 fratri
1261 3121 1347 3186 Gau·
1373 3140 1495 3200 &1100

70 3231 175 3298 frido‘l
198 3232 426 3315 Andegavensi
449 3233 599 3316 episcopo
624 3232 762 3295 salutem
790 3238 823 3296 et
846 3232 1058 3315 apostolicam
1082 3228 1348 3294 benedictionem.
1367 3229 1440 3289 Nov.
1453 3231 1504 3289 20.

71 3340 187 3422 Neque
228 3339 346 3403 litteris
387 3339 646 3423 praedecessoris
687 3339 791 3402 nostri
828 3343 959 3402 sanctae
997 3337 1170 3401 memoriae
1206 3334 1350 3400 Urbani²

71 3467 180 3530 neque
195 3445 440 3529 pollicitatione,
455 3467 554 3528 quam
569 3467 677 3510 coram
697 3465 734 3510 eo
749 3445 865 3526 fecisti,
880 3464 984 3526 neque
998 3448 1111 3508 nostra
1124 3442 1351 3526 praeceptione

72 3559 182 3619 motus
208 3573 252 3633 ea,
276 3559 314 3616 ut
326 3552 665 3617 Maioris-monasterii
685 3551 839 3616 fratribus
859 3555 917 3614 aut
935 3550 1013 3614 salis
1036 3549 1177 3633 pretium
1200 3547 1352 3612 redderes

73 3665 133 3724 aut
156 3659 399 3724 convenientem
427 3658 633 3724 concordiam
659 3657 794 3723 faceres.
841 3655 986 3722 Tandem
1014 3677 1089 3739 ergo
1112 3654 1174 3719 tibi
1204 3653 1353 3719 sacerdo-

73 3767 141 3831 tale
165 3765 308 3831 officium
331 3766 555 3831 interdicimus
574 3769 607 3828 et
626 3764 795 3828 castellum
813 3763 893 3827 illud
909 3762 1110 3844 Calumnam,
1134 3762 1168 3825 in
1187 3783 1251 3843 quo
1275 3760 1353 3824 salis

72 3874 192 3956 rapina
216 3870 304 3936 facta
327 3878 377 3936 est
400 3878 433 3936 et
455 3873 489 3935 in
512 3893 576 3954 quo
600 3870 744 3935 eiusdem
763 3871 897 3954 rapinae
915 3870 1056 3933 ministri
1078 3867 1238 3948 habitant,
1264 3888 1284 3929 a
1307 3866 1353 3929 di-

73 3982 158 4044 vinis
184 3976 299 4044 officiis
332 3983 573 4060 sequestramus
601 3982 731 4060 praeter
757 3998 931 4061 puerorum
961 3976 1124 4058 baptisma
1158 3978 1191 4037 et
1216 3973 1353 4037 morien-

74 4088 176 4150 tium⁰
198 4085 426 4168 poenitentiae,
451 4084 553 4149 donec
577 4088 634 4147 aut
656 4084 796 4165 pretium
819 4082 974 4146 reddatur
997 4086 1053 4144 aut
1072 4084 1257 4162 competens
1280 4100 1353 4142 con-

165 4273 178 4296 *
195 4265 263 4328 quod
281 4283 302 4316 e.
374 4264 548 4329 bspernentes
567 4282 586 4312 e.
660 4264 756 4312 eenim
775 4265 835 4312 dere
853 4281 872 4312 e.
946 4261 1043 4310 ‘¹G2.
1125 4263 1308 4308 “mortuorum
1330 4261 1353 4307 2.

75 4376 104 4425 et
122 4369 266 4424 Paschalis
284 4369 316 4423 II
339 4367 512 4440 privilegium
536 4385 561 4422 a.
582 4367 651 4422 1100
679 4367 763 4436 (Jaffe
780 4366 861 4434 4352)
889 4382 939 4435 pro
965 4363 1131 4418 monasterio
1154 4361 1354 4416 Vindocinensi

71 4477 133 4514 uno
151 4457 305 4528 eodemque
323 4458 384 4513 loco
406 4463 434 4511 et
456 4456 502 4512 die
529 4457 646 4523 (Romae
665 4455 691 4509 d.
713 4455 747 4507 14
760 4454 854 4521 Mart.)
882 4453 948 4508 data
971 4453 1028 4506 sint
1051 4470 1083 4506 ac
1101 4450 1210 4506 Urbani
1237 4450 1354 4522 epistola
1434 4511 1437 4517 ,

76 4554 178 4603 nostre.
208 4546 250 4601 Of.
270 4546 353 4601 etiam
372 4547 446 4602 Jaffe
463 4546 543 4600 4351.

169 4621 268 4691 11095
286 4635 357 4692 rov.
378 4635 491 4689 is-as.
565 4634 632 4688 ²11.

1108 4715 1143 4760 ᾖ.
