<?xml version="1.0" encoding="UTF-8"?>
<!DOCTYPE html PUBLIC "-//W3C//DTD XHTML 1.0 Transitional//EN"
    "http://www.w3.org/TR/xhtml1/DTD/xhtml1-transitional.dtd">
<html xmlns="http://www.w3.org/1999/xhtml" xml:lang="en" lang="en">
 <head>
  <title>
</title>
<meta http-equiv="Content-Type" content="text/html;charset=utf-8" />
  <meta name='ocr-system' content='tesseract 3.04.00' />
  <meta name='ocr-capabilities' content='ocr_page ocr_carea ocr_par ocr_line ocrx_word'/>
</head>
<body>
  <div class='ocr_page' id='page_1' title='image "./epistolaepontif00popegoog/epistolaepontif00popegoog_0015.png"; bbox 0 0 3098 5056; ppageno 0'>
   <div class='ocr_carea' id='block_1_1' title="bbox 217 284 940 338">
    <p class='ocr_par' dir='ltr' id='par_1_1' title="bbox 217 284 940 338">
     <span class='ocr_line' id='line_1_1' title="bbox 217 284 940 338; baseline -0.014 8"><span class='ocrx_word' id='word_1_1' title='bbox 217 292 254 335; x_wconf 82' lang='lat' dir='ltr'>VI</span> <span class='ocrx_word' id='word_1_2' title='bbox 754 284 940 338; x_wconf 68' lang='lat' dir='ltr'>Perusino.</span> 
     </span>
    </p>
   </div>
   <div class='ocr_carea' id='block_1_2' title="bbox 304 403 1496 526">
    <p class='ocr_par' dir='ltr' id='par_1_2' title="bbox 304 403 1496 526">
     <span class='ocr_line' id='line_1_2' title="bbox 304 403 1496 526; baseline -0.002 -16"><span class='ocrx_word' id='word_1_3' title='bbox 304 446 450 510; x_wconf 91' lang='lat' dir='ltr'>Ineditas</span> <span class='ocrx_word' id='word_1_4' title='bbox 474 451 583 509; x_wconf 91' lang='lat' dir='ltr'>autem</span> <span class='ocrx_word' id='word_1_5' title='bbox 606 403 679 508; x_wconf 88' lang='lat' dir='ltr'>illas</span> <span class='ocrx_word' id='word_1_6' title='bbox 703 443 863 526; x_wconf 81' lang='lat' dir='ltr'>appellaui</span> <span class='ocrx_word' id='word_1_7' title='bbox 887 442 1051 525; x_wconf 82' lang='lat' dir='ltr'>epistolas,</span> <span class='ocrx_word' id='word_1_8' title='bbox 1076 443 1154 525; x_wconf 90' lang='lat' dir='ltr'>quia</span> <span class='ocrx_word' id='word_1_9' title='bbox 1177 447 1253 505; x_wconf 93' lang='lat' dir='ltr'>sunt</span> <span class='ocrx_word' id='word_1_10' title='bbox 1276 448 1333 506; x_wconf 91' lang='lat' dir='ltr'>aut</span> <span class='ocrx_word' id='word_1_11' title='bbox 1351 444 1496 508; x_wconf 91' lang='lat' dir='ltr'>ineditae</span> 
     </span>
    </p>
   </div>
   <div class='ocr_carea' id='block_1_3' title="bbox 168 566 1497 2644">
    <p class='ocr_par' dir='ltr' id='par_1_3' title="bbox 168 566 1497 2644">
     <span class='ocr_line' id='line_1_3' title="bbox 217 566 1495 652; baseline -0.002 -18"><span class='ocrx_word' id='word_1_12' title='bbox 217 576 274 635; x_wconf 91' lang='lat' dir='ltr'>aut</span> <span class='ocrx_word' id='word_1_13' title='bbox 297 576 383 634; x_wconf 88' lang='lat' dir='ltr'>certe</span> <span class='ocrx_word' id='word_1_14' title='bbox 406 571 549 652; x_wconf 89' lang='lat' dir='ltr'>ignotae;</span> <span class='ocrx_word' id='word_1_15' title='bbox 583 589 719 650; x_wconf 89' lang='lat' dir='ltr'>quarum</span> <span class='ocrx_word' id='word_1_16' title='bbox 752 568 780 632; x_wconf 92' lang='lat' dir='ltr'>si</span> <span class='ocrx_word' id='word_1_17' title='bbox 812 588 910 631; x_wconf 91' lang='lat' dir='ltr'>unam</span> <span class='ocrx_word' id='word_1_18' title='bbox 942 567 993 631; x_wconf 82' lang='lat' dir='ltr'>vel</span> <span class='ocrx_word' id='word_1_19' title='bbox 1022 566 1160 631; x_wconf 91' lang='lat' dir='ltr'>alteram</span> <span class='ocrx_word' id='word_1_20' title='bbox 1192 567 1277 648; x_wconf 89' lang='lat' dir='ltr'>typis</span> <span class='ocrx_word' id='word_1_21' title='bbox 1306 567 1495 631; x_wconf 90' lang='lat' dir='ltr'>mandatam</span> 
     </span>
     <span class='ocr_line' id='line_1_4' title="bbox 216 691 1493 774; baseline -0.001 -17"><span class='ocrx_word' id='word_1_22' title='bbox 216 695 281 759; x_wconf 93' lang='lat' dir='ltr'>iam</span> <span class='ocrx_word' id='word_1_23' title='bbox 314 716 384 759; x_wconf 89' lang='lat' dir='ltr'>esse</span> <span class='ocrx_word' id='word_1_24' title='bbox 416 694 585 774; x_wconf 85' lang='lat' dir='ltr'>inveneris,</span> <span class='ocrx_word' id='word_1_25' title='bbox 618 693 745 756; x_wconf 82' lang='lat' dir='ltr'>veniam</span> <span class='ocrx_word' id='word_1_26' title='bbox 774 691 863 773; x_wconf 88' lang='lat' dir='ltr'>mihi,</span> <span class='ocrx_word' id='word_1_27' title='bbox 897 691 1049 756; x_wconf 68' lang='lat' dir='ltr'>benevole</span> <span class='ocrx_word' id='word_1_28' title='bbox 1077 691 1194 771; x_wconf 81' lang='lat' dir='ltr'>lector,</span> <span class='ocrx_word' id='word_1_29' title='bbox 1227 691 1294 755; x_wconf 91' lang='lat' dir='ltr'>noli</span> <span class='ocrx_word' id='word_1_30' title='bbox 1318 691 1493 774; x_wconf 81' lang='lat' dir='ltr'>denegare3</span> 
     </span>
     <span class='ocr_line' id='line_1_5' title="bbox 217 800 1495 899; baseline -0.002 -17"><span class='ocrx_word' id='word_1_31' title='bbox 217 839 327 882; x_wconf 92' lang='lat' dir='ltr'>omnes</span> <span class='ocrx_word' id='word_1_32' title='bbox 352 818 436 882; x_wconf 89' lang='lat' dir='ltr'>enim</span> <span class='ocrx_word' id='word_1_33' title='bbox 460 838 571 881; x_wconf 91' lang='lat' dir='ltr'>sumus</span> <span class='ocrx_word' id='word_1_34' title='bbox 591 817 691 881; x_wconf 90' lang='lat' dir='ltr'>errori</span> <span class='ocrx_word' id='word_1_35' title='bbox 710 816 858 898; x_wconf 84' lang='lat' dir='ltr'>subiecti,</span> <span class='ocrx_word' id='word_1_36' title='bbox 883 838 922 880; x_wconf 90' lang='lat' dir='ltr'>ac</span> <span class='ocrx_word' id='word_1_37' title='bbox 944 816 1038 880; x_wconf 88' lang='lat' dir='ltr'>testis</span> <span class='ocrx_word' id='word_1_38' title='bbox 1063 821 1113 879; x_wconf 90' lang='lat' dir='ltr'>est</span> <span class='ocrx_word' id='word_1_39' title='bbox 1136 800 1185 899; x_wconf 89' lang='lat' dir='ltr'>ep.</span> <span class='ocrx_word' id='word_1_40' title='bbox 1209 818 1282 897; x_wconf 78' lang='lat'><strong>137,</strong></span> <span class='ocrx_word' id='word_1_41' title='bbox 1307 837 1405 898; x_wconf 89' lang='lat' dir='ltr'>quam</span> <span class='ocrx_word' id='word_1_42' title='bbox 1429 818 1495 880; x_wconf 91' lang='lat' dir='ltr'>iam</span> 
     </span>
     <span class='ocr_line' id='line_1_6' title="bbox 216 940 1426 1024; baseline -0.002 -18"><span class='ocrx_word' id='word_1_43' title='bbox 216 943 250 1006; x_wconf 90' lang='lat' dir='ltr'>in</span> <span class='ocrx_word' id='word_1_44' title='bbox 273 942 440 1007; x_wconf 86' lang='lat' dir='ltr'>Analectis</span> <span class='ocrx_word' id='word_1_45' title='bbox 464 940 550 1005; x_wconf 90' lang='lat' dir='ltr'>Iuris</span> <span class='ocrx_word' id='word_1_46' title='bbox 573 940 737 1006; x_wconf 91' lang='lat' dir='ltr'>Pontificii</span> <span class='ocrx_word' id='word_1_47' title='bbox 760 940 802 1005; x_wconf 90' lang='lat' dir='ltr'>X.</span> <span class='ocrx_word' id='word_1_48' title='bbox 829 945 893 1007; x_wconf 81' lang='lat'>565</span> <span class='ocrx_word' id='word_1_49' title='bbox 918 946 1098 1006; x_wconf 86' lang='lat' dir='ltr'>exstantem</span> <span class='ocrx_word' id='word_1_50' title='bbox 1123 961 1195 1005; x_wconf 93' lang='lat' dir='ltr'>sero</span> <span class='ocrx_word' id='word_1_51' title='bbox 1219 940 1426 1024; x_wconf 83' lang='lat' dir='ltr'>deprehendi.</span> 
     </span>
     <span class='ocr_line' id='line_1_7' title="bbox 304 1064 1495 1163; baseline 0.002 -34"><span class='ocrx_word' id='word_1_52' title='bbox 304 1065 485 1130; x_wconf 81' lang='lat' dir='ltr'>Iucundum</span> <span class='ocrx_word' id='word_1_53' title='bbox 508 1072 610 1131; x_wconf 90' lang='lat' dir='ltr'>restat</span> <span class='ocrx_word' id='word_1_54' title='bbox 637 1065 792 1149; x_wconf 83' lang='lat' dir='ltr'>officium,</span> <span class='ocrx_word' id='word_1_55' title='bbox 823 1072 859 1129; x_wconf 90' lang='lat' dir='ltr'>ut</span> <span class='ocrx_word' id='word_1_56' title='bbox 887 1066 1067 1163; x_wconf 80' lang='lat' dir='ltr'>uirisillis,</span> <span class='ocrx_word' id='word_1_57' title='bbox 1102 1066 1157 1148; x_wconf 91' lang='lat' dir='ltr'>qui</span> <span class='ocrx_word' id='word_1_58' title='bbox 1180 1064 1266 1130; x_wconf 89' lang='lat' dir='ltr'>facto</span> <span class='ocrx_word' id='word_1_59' title='bbox 1296 1067 1495 1149; x_wconf 91' lang='lat' dir='ltr'>consilioque</span> 
     </span>
     <span class='ocr_line' id='line_1_8' title="bbox 216 1189 1494 1276; baseline 0.001 -23"><span class='ocrx_word' id='word_1_60' title='bbox 216 1191 250 1254; x_wconf 90' lang='lat' dir='ltr'>in</span> <span class='ocrx_word' id='word_1_61' title='bbox 277 1189 472 1274; x_wconf 86' lang='lat' dir='ltr'>perficiendo</span> <span class='ocrx_word' id='word_1_62' title='bbox 501 1213 597 1276; x_wconf 90' lang='lat' dir='ltr'>opere</span> <span class='ocrx_word' id='word_1_63' title='bbox 624 1213 675 1256; x_wconf 89' lang='lat' dir='ltr'>me</span> <span class='ocrx_word' id='word_1_64' title='bbox 703 1194 865 1274; x_wconf 83' lang='lat' dir='ltr'>iuverunt,</span> <span class='ocrx_word' id='word_1_65' title='bbox 897 1213 936 1256; x_wconf 90' lang='lat' dir='ltr'>ex</span> <span class='ocrx_word' id='word_1_66' title='bbox 959 1192 1073 1255; x_wconf 88' lang='lat' dir='ltr'>intimo</span> <span class='ocrx_word' id='word_1_67' title='bbox 1097 1191 1204 1254; x_wconf 90' lang='lat' dir='ltr'>animo</span> <span class='ocrx_word' id='word_1_68' title='bbox 1234 1191 1357 1273; x_wconf 81' lang='lat' dir='ltr'>gratias</span> <span class='ocrx_word' id='word_1_69' title='bbox 1389 1213 1494 1273; x_wconf 92' lang='lat' dir='ltr'>agam.</span> 
     </span>
     <span class='ocr_line' id='line_1_9' title="bbox 216 1313 1495 1400; baseline 0 -22"><span class='ocrx_word' id='word_1_70' title='bbox 216 1315 347 1378; x_wconf 82' lang='lat' dir='ltr'>Etenim</span> <span class='ocrx_word' id='word_1_71' title='bbox 370 1313 409 1379; x_wconf 83' lang='lat' dir='ltr'>V.</span> <span class='ocrx_word' id='word_1_72' title='bbox 434 1315 513 1380; x_wconf 80' lang='lat' dir='ltr'>Eue.</span> <span class='ocrx_word' id='word_1_73' title='bbox 546 1337 591 1381; x_wconf 84' lang='lat' dir='ltr'>nn</span> <span class='ocrx_word' id='word_1_74' title='bbox 611 1317 777 1399; x_wconf 69' lang='lat' dir='ltr'>dossum,</span> <span class='ocrx_word' id='word_1_75' title='bbox 810 1319 896 1400; x_wconf 89' lang='lat' dir='ltr'>regis</span> <span class='ocrx_word' id='word_1_76' title='bbox 919 1317 1086 1381; x_wconf 87' lang='lat' dir='ltr'>Borussici</span> <span class='ocrx_word' id='word_1_77' title='bbox 1117 1315 1279 1396; x_wconf 76' lang='lat' dir='ltr'>minister,</span> <span class='ocrx_word' id='word_1_78' title='bbox 1314 1316 1370 1398; x_wconf 90' lang='lat' dir='ltr'>qui</span> <span class='ocrx_word' id='word_1_79' title='bbox 1398 1314 1495 1379; x_wconf 91' lang='lat' dir='ltr'>rebus</span> 
     </span>
     <span class='ocr_line' id='line_1_10' title="bbox 218 1439 1494 1526; baseline -0.001 -22"><span class='ocrx_word' id='word_1_80' title='bbox 218 1440 318 1504; x_wconf 89' lang='lat' dir='ltr'>saeris</span> <span class='ocrx_word' id='word_1_81' title='bbox 343 1445 376 1504; x_wconf 92' lang='lat' dir='ltr'>et</span> <span class='ocrx_word' id='word_1_82' title='bbox 402 1440 570 1505; x_wconf 90' lang='lat' dir='ltr'>litterariis</span> <span class='ocrx_word' id='word_1_83' title='bbox 597 1448 737 1525; x_wconf 87' lang='lat' dir='ltr'>praeest,</span> <span class='ocrx_word' id='word_1_84' title='bbox 771 1449 894 1526; x_wconf 82' lang='lat' dir='ltr'>septem</span> <span class='ocrx_word' id='word_1_85' title='bbox 918 1463 1044 1506; x_wconf 91' lang='lat' dir='ltr'>menses</span> <span class='ocrx_word' id='word_1_86' title='bbox 1068 1439 1204 1504; x_wconf 89' lang='lat' dir='ltr'>Parisiis</span> <span class='ocrx_word' id='word_1_87' title='bbox 1234 1439 1370 1522; x_wconf 90' lang='lat' dir='ltr'>degendi</span> <span class='ocrx_word' id='word_1_88' title='bbox 1394 1439 1494 1503; x_wconf 88' lang='lat' dir='ltr'>facul-</span> 
     </span>
     <span class='ocr_line' id='line_1_11' title="bbox 216 1563 1495 1647; baseline 0.001 -19"><span class='ocrx_word' id='word_1_89' title='bbox 216 1570 318 1628; x_wconf 86' lang='lat' dir='ltr'>tatem</span> <span class='ocrx_word' id='word_1_90' title='bbox 341 1565 483 1628; x_wconf 86' lang='lat' dir='ltr'>maxima</span> <span class='ocrx_word' id='word_1_91' title='bbox 505 1565 701 1631; x_wconf 88' lang='lat' dir='ltr'>liberalitate</span> <span class='ocrx_word' id='word_1_92' title='bbox 713 1568 799 1632; x_wconf 77' lang='lat' dir='ltr'>mihi</span> <span class='ocrx_word' id='word_1_93' title='bbox 819 1567 988 1632; x_wconf 88' lang='lat' dir='ltr'>concessit.</span> <span class='ocrx_word' id='word_1_94' title='bbox 1027 1564 1200 1630; x_wconf 75' lang='lat' dir='ltr'>Grunnius</span> <span class='ocrx_word' id='word_1_95' title='bbox 1217 1563 1337 1629; x_wconf 77' lang='lat' dir='ltr'>erz</span> <span class='ocrx_word' id='word_1_96' title='bbox 1361 1565 1495 1647; x_wconf 91' lang='lat' dir='ltr'>eiusque</span> 
     </span>
     <span class='ocr_line' id='line_1_12' title="bbox 218 1687 1493 1773; baseline 0.001 -21"><span class='ocrx_word' id='word_1_97' title='bbox 218 1689 297 1752; x_wconf 88' lang='lat' dir='ltr'>socii</span> <span class='ocrx_word' id='word_1_98' title='bbox 327 1688 360 1751; x_wconf 93' lang='lat' dir='ltr'>in</span> <span class='ocrx_word' id='word_1_99' title='bbox 393 1687 526 1753; x_wconf 83' lang='lat' dir='ltr'>edendis</span> <span class='ocrx_word' id='word_1_100' title='bbox 559 1689 753 1756; x_wconf 83' lang='lat' dir='ltr'>Germaniae</span> <span class='ocrx_word' id='word_1_101' title='bbox 783 1691 1000 1759; x_wconf 90' lang='lat' dir='ltr'>Monumentis</span> <span class='ocrx_word' id='word_1_102' title='bbox 1033 1689 1255 1773; x_wconf 84' lang='lat' dir='ltr'>apographum</span> <span class='ocrx_word' id='word_1_103' title='bbox 1294 1689 1493 1755; x_wconf 82' lang='lat' dir='ltr'>collectionis</span> 
     </span>
     <span class='ocr_line' id='line_1_13' title="bbox 216 1812 1492 1900; baseline -0.001 -23"><span class='ocrx_word' id='word_1_104' title='bbox 216 1813 425 1877; x_wconf 86' lang='lat' dir='ltr'>Britannicae</span> <span class='ocrx_word' id='word_1_105' title='bbox 455 1812 592 1896; x_wconf 90' lang='lat' dir='ltr'>benigne</span> <span class='ocrx_word' id='word_1_106' title='bbox 625 1815 704 1879; x_wconf 90' lang='lat' dir='ltr'>mihi</span> <span class='ocrx_word' id='word_1_107' title='bbox 736 1817 961 1900; x_wconf 88' lang='lat' dir='ltr'>permiserunt.</span> <span class='ocrx_word' id='word_1_108' title='bbox 1017 1814 1056 1878; x_wconf 88' lang='lat' dir='ltr'>R.</span> <span class='ocrx_word' id='word_1_109' title='bbox 1086 1813 1213 1879; x_wconf 80' lang='lat' dir='ltr'>Sruuuu</span> <span class='ocrx_word' id='word_1_110' title='bbox 1244 1815 1372 1896; x_wconf 87' lang='lat' dir='ltr'>roganti</span> <span class='ocrx_word' id='word_1_111' title='bbox 1402 1814 1492 1896; x_wconf 78' lang='lat' dir='ltr'>mihi,</span> 
     </span>
     <span class='ocr_line' id='line_1_14' title="bbox 217 1936 1495 2021; baseline 0 -19"><span class='ocrx_word' id='word_1_112' title='bbox 217 1943 254 2002; x_wconf 88' lang='lat' dir='ltr'>ut</span> <span class='ocrx_word' id='word_1_113' title='bbox 282 1938 383 2002; x_wconf 90' lang='lat' dir='ltr'>codex</span> <span class='ocrx_word' id='word_1_114' title='bbox 406 1936 682 2021; x_wconf 83' lang='lat' dir='ltr'>Cantabrigiensis</span> <span class='ocrx_word' id='word_1_115' title='bbox 706 1940 893 2005; x_wconf 89' lang='lat' dir='ltr'>Berolinum</span> <span class='ocrx_word' id='word_1_116' title='bbox 925 1941 1125 2021; x_wconf 85' lang='lat' dir='ltr'>mitteretur,</span> <span class='ocrx_word' id='word_1_117' title='bbox 1157 1938 1372 2003; x_wconf 91' lang='lat' dir='ltr'>libentissime</span> <span class='ocrx_word' id='word_1_118' title='bbox 1403 1937 1495 2002; x_wconf 90' lang='lat' dir='ltr'>obse-</span> 
     </span>
     <span class='ocr_line' id='line_1_15' title="bbox 216 2062 1496 2148; baseline 0 -22"><span class='ocrx_word' id='word_1_119' title='bbox 216 2067 313 2139; x_wconf 80' lang='lat' dir='ltr'>cutus</span> <span class='ocrx_word' id='word_1_120' title='bbox 342 2066 401 2126; x_wconf 84' lang='lat' dir='ltr'>est.</span> <span class='ocrx_word' id='word_1_121' title='bbox 453 2062 629 2127; x_wconf 90' lang='lat' dir='ltr'>Numerum</span> <span class='ocrx_word' id='word_1_122' title='bbox 668 2065 879 2148; x_wconf 90' lang='lat' dir='ltr'>epistolarum</span> <span class='ocrx_word' id='word_1_123' title='bbox 918 2070 1079 2129; x_wconf 88' lang='lat' dir='ltr'>auxerunt</span> <span class='ocrx_word' id='word_1_124' title='bbox 1117 2063 1315 2146; x_wconf 79' lang='lat' dir='ltr'>Lucronnus</span> <span class='ocrx_word' id='word_1_125' title='bbox 1346 2063 1496 2127; x_wconf 79' lang='lat' dir='ltr'>Dnmsnu</span> 
     </span>
     <span class='ocr_line' id='line_1_16' title="bbox 168 2163 1495 2270; baseline -0.001 -19"><span class='ocrx_word' id='word_1_126' title='bbox 168 2163 169 2166; x_wconf 8' lang='grc' dir='ltr'><strong>Ἴ</strong></span> <span class='ocrx_word' id='word_1_127' title='bbox 216 2186 411 2252; x_wconf 90' lang='lat' dir='ltr'>Parisiensis</span> <span class='ocrx_word' id='word_1_128' title='bbox 444 2192 477 2250; x_wconf 90' lang='lat' dir='ltr'>et</span> <span class='ocrx_word' id='word_1_129' title='bbox 508 2187 646 2251; x_wconf 73' lang='lat' dir='ltr'>Maccus</span> <span class='ocrx_word' id='word_1_130' title='bbox 676 2189 823 2254; x_wconf 73' lang='lat' dir='ltr'>Manena</span> <span class='ocrx_word' id='word_1_131' title='bbox 855 2176 1069 2254; x_wconf 85' lang='lat' dir='ltr'>Monacensis.</span> <span class='ocrx_word' id='word_1_132' title='bbox 1116 2186 1156 2250; x_wconf 90' lang='lat' dir='ltr'>In</span> <span class='ocrx_word' id='word_1_133' title='bbox 1189 2187 1387 2270; x_wconf 90' lang='lat' dir='ltr'>corrigendis</span> <span class='ocrx_word' id='word_1_134' title='bbox 1419 2208 1495 2251; x_wconf 81' lang='lat' dir='ltr'>vero</span> 
     </span>
     <span class='ocr_line' id='line_1_17' title="bbox 217 2306 1496 2395; baseline -0.002 -18"><span class='ocrx_word' id='word_1_135' title='bbox 217 2311 362 2395; x_wconf 91' lang='lat' dir='ltr'>epistolis</span> <span class='ocrx_word' id='word_1_136' title='bbox 385 2309 558 2376; x_wconf 82' lang='lat' dir='ltr'>Huunrcus</span> <span class='ocrx_word' id='word_1_137' title='bbox 581 2312 756 2378; x_wconf 79' lang='lat' dir='ltr'>Baussnuu</span> <span class='ocrx_word' id='word_1_138' title='bbox 785 2318 818 2377; x_wconf 90' lang='lat' dir='ltr'>et</span> <span class='ocrx_word' id='word_1_139' title='bbox 840 2312 1003 2377; x_wconf 77' lang='lat' dir='ltr'>Iosurnus</span> <span class='ocrx_word' id='word_1_140' title='bbox 1026 2310 1289 2393; x_wconf 74' lang='lat' dir='ltr'>Lnunsnnaenn,</span> <span class='ocrx_word' id='word_1_141' title='bbox 1314 2306 1387 2375; x_wconf 88' lang='lat' dir='ltr'>cum</span> <span class='ocrx_word' id='word_1_142' title='bbox 1411 2334 1429 2375; x_wconf 88' lang='lat' dir='ltr'><strong>v</strong></span> <span class='ocrx_word' id='word_1_143' title='bbox 1451 2312 1496 2375; x_wconf 91' lang='lat' dir='ltr'>le-</span> 
     </span>
     <span class='ocr_line' id='line_1_18' title="bbox 217 2412 1497 2515; baseline -0.004 -15"><span class='ocrx_word' id='word_1_144' title='bbox 217 2435 338 2500; x_wconf 91' lang='lat' dir='ltr'>tudinis</span> <span class='ocrx_word' id='word_1_145' title='bbox 371 2456 470 2500; x_wconf 92' lang='lat' dir='ltr'>causa</span> <span class='ocrx_word' id='word_1_146' title='bbox 501 2436 701 2501; x_wconf 89' lang='lat' dir='ltr'>bibliotheca</span> <span class='ocrx_word' id='word_1_147' title='bbox 732 2436 935 2501; x_wconf 90' lang='lat' dir='ltr'>Berolinensi</span> <span class='ocrx_word' id='word_1_148' title='bbox 966 2435 1031 2500; x_wconf 85' lang='lat' dir='ltr'>frui</span> <span class='ocrx_word' id='word_1_149' title='bbox 1058 2434 1138 2498; x_wconf 91' lang='lat' dir='ltr'>mihi</span> <span class='ocrx_word' id='word_1_150' title='bbox 1169 2457 1234 2499; x_wconf 91' lang='lat' dir='ltr'>non</span> <span class='ocrx_word' id='word_1_151' title='bbox 1267 2435 1396 2514; x_wconf 85' lang='lat' dir='ltr'>liceret,</span> <span class='ocrx_word' id='word_1_152' title='bbox 1430 2412 1497 2515; x_wconf 85' lang='lat' dir='ltr'>qua</span> 
     </span>
     <span class='ocr_line' id='line_1_19' title="bbox 217 2557 1369 2644; baseline -0.003 -18"><span class='ocrx_word' id='word_1_153' title='bbox 217 2565 292 2626; x_wconf 90' lang='lat' dir='ltr'>sunt</span> <span class='ocrx_word' id='word_1_154' title='bbox 315 2579 393 2640; x_wconf 91' lang='lat' dir='ltr'>erga</span> <span class='ocrx_word' id='word_1_155' title='bbox 416 2581 467 2624; x_wconf 90' lang='lat' dir='ltr'>me</span> <span class='ocrx_word' id='word_1_156' title='bbox 491 2560 644 2643; x_wconf 85' lang='lat' dir='ltr'>amicitia,</span> <span class='ocrx_word' id='word_1_157' title='bbox 669 2560 825 2625; x_wconf 87' lang='lat' dir='ltr'>auxilium</span> <span class='ocrx_word' id='word_1_158' title='bbox 848 2565 1018 2644; x_wconf 91' lang='lat' dir='ltr'>praestare</span> <span class='ocrx_word' id='word_1_159' title='bbox 1040 2579 1105 2624; x_wconf 91' lang='lat' dir='ltr'>non</span> <span class='ocrx_word' id='word_1_160' title='bbox 1130 2557 1369 2624; x_wconf 86' lang='lat' dir='ltr'>dubitaverunt.</span> 
     </span>
    </p>
   </div>
   <div class='ocr_carea' id='block_1_4' title="bbox 0 0 1554 5056">
    <p class='ocr_par' dir='ltr' id='par_1_4' title="bbox 0 0 1554 5056">
     <span class='ocr_line' id='line_1_20' title="bbox 0 0 1554 5056; baseline 0 0"><span class='ocrx_word' id='word_1_161' title='bbox 0 0 1554 5056; x_wconf 95' lang='lat' dir='ltr'> </span> 
     </span>
    </p>
   </div>
  </div>
 </body>
</html>
