3098 5056
422 268 612 320 Annxunnru
631 280 668 318 111
687 280 854 319 nrlsronlu
873 265 933 320 267.
953 265 1005 320 268
1289 253 1348 313 151

74 426 275 508 presentiam
302 425 451 489 duximus
475 424 773 504 transmittendum;
803 424 1008 490 dilectionem
1036 431 1177 489 vestram
1200 447 1257 508 per
1280 448 1355 509 apo·
1376 426 1510 485 1178in.

75 532 192 596 stolica
216 532 339 614 scripta
358 554 520 614 rogamus,
544 552 710 597 monemus
730 532 885 594 attentius
906 537 938 595 et
956 530 1158 613 mandamuS,
1186 533 1356 613 quatinusr

75 639 303 703 convenientes
327 638 360 701 in
383 660 483 701 unum
508 638 644 702 eundem
667 638 895 719 imperatorem
922 637 964 701 ad
984 636 1174 719 complenda
1197 639 1356 721 promissa

76 752 108 809 et
131 766 246 828 pacem
280 750 425 808 nostram
458 750 491 808 et
523 766 615 808 suam
647 743 783 807 firmiter
807 743 1056 824 observandam,
1091 765 1189 826 quam
1212 745 1255 825 ei,
1289 743 1355 809 filio

76 874 145 933 suo,
169 851 252 915 tibib
285 851 369 914 sicut
399 850 576 914 venerabili
606 849 701 914 fratri
729 855 761 914 et
785 851 943 937 omnibus,
968 850 1007 914 de
1030 850 1148 932 quibus
1173 852 1357 932 specialiter

77 965 188 1023 actum
208 964 267 1040 est,
294 963 327 1021 et
345 957 417 1020 aliis
438 957 546 1037 etiam,
567 957 651 1020 sicut
670 955 892 1020 desideranter
910 957 1100 1040 recepimus,
1126 979 1254 1022 servare
1274 980 1356 1023 sem-

76 1086 135 1148 per
158 1064 307 1130 volumus
331 1069 364 1126 et
387 1068 552 1146 optamus,
586 1064 670 1127 sicut
698 1063 736 1126 de
760 1063 850 1128 vobis
879 1062 1070 1128 confidimus
1095 1070 1127 1127 et
1149 1065 1279 1147 utrique
1303 1087 1355 1129 ex-

76 1171 190 1254 pedire
214 1170 420 1252 cognoscitu,
440 1169 611 1251 inducatis
636 1169 740 1233 eidem
759 1168 894 1233 firmiter
913 1176 1118 1252 exponentes,
1139 1171 1224 1252 quod
1243 1171 1357 1237 honori

78 1278 182 1360 ipsius
202 1283 236 1341 et
254 1277 382 1359 imperii
401 1298 459 1358 pro
478 1276 581 1341 nostri
600 1274 699 1340 officii
718 1275 837 1356 debito,
858 1282 1016 1357 quantum
1035 1276 1123 1341 Deus
1150 1276 1284 1359 dederit,
1308 1280 1355 1341 in-

78 1383 259 1448 tendemus,
307 1382 383 1464 Ipse
407 1388 525 1459 autem,
550 1383 633 1446 sicut
661 1383 729 1446 eius
754 1382 978 1446 excellentiam
1002 1382 1103 1464 decet,
1128 1383 1281 1449 honorem
1305 1406 1354 1449 ec-

80 1490 178 1554 clesie
202 1489 317 1571 diligat
345 1495 377 1552 et
408 1488 603 1571 profectum,
632 1510 690 1552 nec
714 1487 952 1552 detractoribus
977 1490 1175 1572 acquiescat,
1210 1493 1265 1573 qui
1289 1493 1355 1555 ani-

79 1619 168 1660 mum
191 1596 261 1660 eius
284 1595 454 1659 turbantes
478 1616 591 1678 pacem
614 1601 760 1659 nostram
780 1600 813 1658 et
836 1616 927 1659 suam
948 1594 1034 1677 quod
1061 1595 1148 1659 absit
1171 1597 1356 1662 subvertere

80 1703 267 1768 moliuntur.

79 2059 164 2126 267.
187 2061 352 2121 Aleuuuder
373 2062 423 2120 ΙΙΙ
442 2061 589 2120 uniuersis
612 2061 796 2120 molestarum
813 2061 955 2135 praeditis
982 2063 1009 2119 T.
1032 2063 1179 2120 medicum
1202 2063 1240 2121 ud
1257 2064 1356 2122 mede

190 2169 288 2226 merum
310 2168 514 2243 imperatorem
536 2168 714 2226 destinatum
736 2168 924 2226 commendet.

408 2286 476 2356 Reg.
495 2286 575 2340 Alex.
595 2286 692 2363 fragm.
712 2302 754 2356 ep.
774 2288 817 2353 57,
835 2286 853 2340 l.
873 2287 890 2340 l.
911 2286 957 2340 fol.
978 2287 1037 2373 126.

168 2462 441 2546 Archiepiscopis,
466 2464 625 2546 episcopis
649 2465 682 2527 'et
704 2462 830 2527 dilectis
856 2462 931 2528 filiis
956 2464 1130 2528 abbatibus
1155 2471 1187 2528 et
1210 2465 1283 2529 aliis
1307 2486 1355 2528 ec·
1377 2466 1511 2524 1178111.

77 2570 252 2634 clesiarnm
266 2570 432 2652 praelatis,
457 2569 498 2633 ad
518 2591 598 2652 quos
615 2569 729 2633 literae
748 2571 809 2634 iste
828 2570 1042 2652 pervenerint.
1078 2570 1241 2635 Dilectum
1254 2570 1356 2634 filium

77 2677 114 2741 Τ.
141 2676 302 2740 medicum
326 2681 472 2741 nostrum
495 2676 694 2758 presentium
716 2676 873 2758 latorem,¹
901 2697 997 2757 quem
1030 2676 1071 2740 ad
1094 2676 1301 2740 karissimum
1324 2678 1356 2740 in

78 2782 209 2848 Christo
233 2781 336 2846 filium
349 2782 575 2868 Flridericum)
594 2782 753 2847 illustrem
767 2782 987 2847 Romanorum
1005 2783 1234 2864 imperatorem
1253 2789 1357 2847 trans-

77 2890 250 2971 mittimus,
275 2889 479 2953 universitati
502 2895 608 2954 vestre
632 2891 789 2953 attentius
814 2888 1074 2952 commendamus
1098 2910 1157 2970 per
1180 2890 1357 2972 apostolica

78 2996 203 3078 scripta
226 3000 394 3060 monentes
416 2997 608 3078 propensius
632 3002 664 3059 et
686 2994 888 3075 mandantes²
913 2995 1066 3075 quatinus
1091 3015 1164 3058 eum
1187 3018 1246 3078 pro
1269 3017 1356 3070 reve-

77 3102 185 3165 rentia
208 3101 298 3165 beati
321 3101 411 3166 Petri
436 3109 469 3167 et
491 3109 603 3167 nostra
626 3102 762 3184 benigne
785 3101 929 3183 recipere
952 3101 1079 3183 ipsique
1103 3103 1222 3166 curetis
1251 3103 1284 3165 in
1308 3123 1356 3167 sc-

79 3229 157 3272 curo
181 3207 343 3271 conductu
367 3215 400 3272 et
418 3208 490 3273 aliis
508 3207 756 3272 necessitatibus
775 3206 954 3289 providere,
981 3207 1028 3270 ita
1051 3207 1137 3289 quod
1156 3207 1357 3273 devotionem

79 3319 225 3378 vestram
246 3320 381 3396 propter
393 3314 454 3379 hoc
468 3336 531 3379 non
548 3315 699 3378 inmerito
718 3312 977 3378 commendemus
1001 3319 1034 3376 et
1055 3313 1231 3395 peticiones
1255 3315 1356 3379 liben-

79 3421 145 3484 tius
170 3426 203 3484 et
227 3418 386 3485 efficatius
410 3421 629 3484 admittamus

79 3778 169 3844 268.
193 3779 358 3839 Alexander
383 3778 430 3837 ΙΙΙ
448 3779 595 3838 Flrdcrieo
617 3778 919 3854 impereturi'sere'br't,
951 3797 1024 3854 poue
1046 3779 1079 3836 de
1101 3798 1156 3837 suo
1179 3798 1244 3854 erpu
1266 3779 1356 3837 Lom-

193 3887 297 3946 burdos
319 3892 345 3944 et
367 3885 490 3944 Graecos
512 3885 609 3943 studio
632 3885 816 3958 nuntientur,
843 3904 862 3943 e
878 3886 964 3961 pum's
982 3885 1113 3944 luentibus
1135 3886 1271 3944 emeutr‘tu
1289 3905 1355 3944 esse.

197 3992 326 4051 Guusum
348 4010 436 4050 suum
459 4010 478 4049 u
499 3992 526 4048 T.
545 3991 654 4050 medico
673 3992 837 4067 expositum
855 3992 904 4050 r'rr'.
946 3992 1053 4051 Ceutru
1073 3974 1205 4064 urceos,
1232 3992 1262 4050 S.
1277 3992 1357 4052 Petri

186 4098 408 4175 putrimouimu
440 4098 621 4171 teramum,
654 4117 713 4156 sese
745 4098 783 4156 ud
805 4099 963 4174 Reperiam
993 4104 1018 4156 et
1044 4099 1220 4156 Tuueredum
1250 4099 1357 4174 sumptu

192 4205 359 4264 destimmse.
403 4204 507 4276 Addit,
540 4223 608 4262 cum
635 4209 706 4262 esset
734 4204 872 4278 Verretr'm,
901 4205 1065 4263 Marciorum
1091 4205 1212 4280 r'udrpuo
1239 4206 1356 4263 crudum

169 4423 182 4447 ⁸
199 4420 225 4465 iu
242 4419 295 4466 eod.
313 4426 406 4466 notatur
424 4417 579 4478 detectorem
597 4425 638 4464 um
656 4418 823 4479 discretiorem)
842 4432 867 4466 v.
891 4434 916 4480 p.
943 4431 965 4464 a.
989 4432 1008 4466 s.
1034 4432 1069 4464 ro.
1092 4431 1141 4464 mo.
1165 4418 1198 4465 ut.
1224 4419 1249 4464 et
1271 4431 1304 4464 m.
1330 4432 1354 4478 q.

79 4503 186 4556 brocceio
205 4509 247 4568 qui
262 4523 329 4555 error
351 4509 389 4554 hie
412 4508 498 4566 Iuteut,·
525 4507 645 4566 epictetum
667 4508 727 4552 euim
744 4523 760 4552 a
775 4509 874 4566 paribus
895 4523 942 4555 nou
960 4523 1006 4554 esve
1023 4509 1147 4566 cereptum,
1170 4507 1236 4553 decet
1251 4522 1357 4553 uuuwnrs

74 4597 181 4656 plumulae
193 4597 250 4656 plne
267 4597 336 4642 semel
352 4597 476 4642 adliditur.
