3098 5056
404 289 589 344 conaremur
606 305 643 345 111
661 304 829 346 nrrsronnr
847 293 907 347 399.
926 292 980 347 400
1267 277 1331 340 245

48 473 122 516 rum
135 451 265 536 pastori
282 457 467 516 reverenter
486 457 519 515 et
536 450 703 515 humiliter
718 450 899 516 deferentes
914 451 1059 517 debitam
1073 454 1102 517 ei
1117 453 1334 519 obedientiam
1372 449 1455 508 1191

50 557 259 642 impendatis,
279 558 403 623 monita
421 557 523 641 ipsius
547 558 691 622 salubria
711 564 743 621 et
756 558 913 622 mandata
931 560 1098 643 recipiatis
1116 559 1283 624 humiliter
1302 565 1334 625 et
1353 538 1427 598 N0V·
1441 541 1469 599 6·

52 666 120 730 sine
134 663 356 746 refragatione
371 664 505 728 servetis
520 670 563 747 et,
584 686 657 728 cum
670 686 727 730 vos
743 667 874 729 statutis
890 665 1091 749 temporibus
1106 665 1148 728 ad
1163 666 1334 731 concilium

54 772 101 836 vel
123 771 277 837 sinodum
296 770 425 836 duxerit
443 771 634 853 evocandoS,
662 772 731 835 sine
754 771 911 837 tarditate
936 772 1084 856 qualibet
1102 772 1266 837 accedatis
1291 779 1333 854 et,

57 880 80 943 si
102 900 185 962 quos
209 899 269 961 pro
297 878 364 941 suis
397 877 582 942 excessibus
613 877 788 943 interdicto
820 879 871 942 vel
902 879 1227 944 excommunicationi
1259 879 1333 944 sub-

57 986 180 1067 iecerit,
213 985 317 1068 ipsius
350 984 545 1048 sententiam
576 984 808 1049 inviolabiliter
840 1006 969 1050 servare
1000 986 1130 1050 curetis.
1176 985 1231 1049 Ad
1252 985 1334 1051 haec

57 1092 141 1157 robis
167 1091 366 1156 auctoritate
388 1091 609 1173 praesentium
627 1090 820 1172 inhibemus,
845 1113 885 1156 ne
909 1091 1028 1175 aliquis
1046 1098 1190 1156 vestrum
1208 1113 1334 1158 excom-

58 1200 236 1264 municatos
269 1197 319 1261 vel
350 1196 543 1261 nominatim
570 1197 760 1262 interdictos
790 1197 925 1262 eiusad
953 1198 1154 1281 sepulturam
1177 1205 1253 1264 ante
1277 1199 1333 1264 ab·

60 1306 252 1371 solutionem
274 1303 426 1387 recipiat,
456 1303 602 1386 alioquin
629 1324 688 1368 nos
712 1305 741 1367 ei
764 1304 977 1368 interdicendi
1002 1305 1181 1387 ecclesiam,
1211 1306 1246 1369 in
1269 1328 1334 1388 qua

60 1413 113 1478 hoc
135 1416 385 1496 praesumptum
403 1408 511 1491 fuerit,
536 1409 638 1474 donec
656 1408 755 1474 fuerit
773 1409 912 1475 cadaver
930 1411 1079 1493 eiectum,
1103 1411 1241 1477 liberam
1260 1433 1333 1478 con-

59 1519 212 1584 cessimus
236 1517 413 1581 autoritate
437 1517 616 1599 apostolica
644 1515 844 1580 facultatem.
890 1517 1014 1581 Datum
1041 1516 1198 1583 Laterani
1221 1525 1334 1585 octavo

57 1625 131 1690 Idus
156 1623 360 1705 Novembris,
384 1622 593 1705 pontificatus
616 1624 719 1687 nostri
743 1644 827 1688 anno
850 1624 965 1706 primo.

55 1893 144 1960 399.
172 1895 352 1955 munimus
365 1894 417 1953 ΙΙΙ
439 1894 572 1953 Umbarto
595 1894 809 1970 archiepiscopo
823 1873 990 1954 Arelatensi
1012 1897 1148 1970 concedit,
1179 1897 1232 1973 qai
1254 1899 1333 1956 eccle

165 2002 229 2061 siaa
252 2020 305 2060 sea
327 2001 509 2076 campanilia
531 2001 704 2074 invaseriat,
727 2009 761 2060 at
783 2021 831 2060 eos
854 2003 1088 2062 anathematizet.

275 2120 394 2192 Autogr.
412 2119 443 2173 rn
461 2098 530 2174 0101
547 2125 605 2173 nat.
624 2119 711 2174 raris.
730 2119 799 2174 0011.
819 2119 922 2174 aarum
942 2119 995 2174 sao
1012 2137 1039 2173 n.
1060 2120 1102 2173 aa

109 2254 112 2258 ⁴
142 2262 323 2328 Celestinus
347 2263 517 2346 episcopus
542 2282 652 2326 servus
680 2284 844 2327 servorum
863 2261 925 2326 Dei
944 2261 1122 2326 venerabili
1141 2262 1236 2327 fratri
1254 2263 1331 2329 Um·
1370 2278 1452 2335 1191

53 2369 145 2434 berto
169 2369 356 2434 Arelatensi
380 2368 622 2453 archiepiscopo
655 2369 794 2433 salutem
824 2375 857 2433 et
889 2368 1104 2452 apostolicam
1136 2369 1332 2436 benedictio·
1352 2366 1467 2425 11016·

53 2498 136 2541 nem.
177 2475 412 2557 Intelleximus
437 2476 534 2558 quod,
559 2497 632 2539 cum
651 2477 684 2539 in
704 2477 835 2540 civitate
855 2481 912 2539 tua
931 2474 1119 2558 frequenter
1138 2476 1332 2541 seditionum

55 2582 209 2647 scandala
228 2583 436 2664 suscitentur,
461 2602 536 2665 sepe
560 2582 728 2665 contingit,
753 2588 789 2645 ut
812 2582 958 2646 nonnulli
978 2581 1133 2647 ecclesias
1153 2588 1186 2647 et
1204 2604 1332 2666 campa-

54 2689 133 2753 nilia
155 2695 225 2753 tam
248 2690 282 2753 in
305 2690 377 2772 ipsa
400 2689 531 2752 civitate
565 2711 663 2771 quam
692 2688 795 2771 burgo
823 2689 865 2753 ad
894 2689 944 2752 sui
973 2690 1145 2754 tuitionem
1169 2695 1202 2753 et
1225 2688 1333 2754 defen-

56 2797 177 2861 sionem
200 2795 358 2860 invadant
381 2801 414 2859 et
432 2794 511 2877 ipsis
535 2801 704 2878 tamquam
728 2795 927 2861 secularibus
951 2795 1101 2860 domibus
1123 2798 1256 2881 propria
1286 2803 1333 2860 te-

57 2902 206 2967 meritate
224 2907 369 2966 utantur.
412 2899 497 2982 Quia
520 2902 620 2984 igitur
642 2901 676 2965 id
700 2901 829 2966 obvium
851 2903 971 2967 rationi
995 2903 1175 2968 dinoscitur
1198 2908 1231 2966 et
1253 2904 1333 2986 ipsis

56 3008 257 3074 invasoribus
289 3009 503 3092 pernitiosum
531 3009 655 3090 existit,
684 3007 884 3073 fraternitati
911 3014 966 3073 tue
994 3008 1194 3092 presentium
1223 3015 1333 3074 aucto·

56 3115 151 3180 ritate
175 3115 390 3197 concedimus
421 3121 458 3179 ut
482 3114 524 3178 ad
550 3113 611 3178 hec
638 3115 829 3197 corrigenda
856 3137 988 3178 manum
1016 3114 1125 3178 debite
1150 3115 1333 3179 severitatis

58 3241 231 3304 apponens,
262 3222 290 3286 si
313 3223 369 3305 qui
393 3222 433 3286 de
457 3227 564 3286 cetero
589 3221 742 3288 ecclesias
766 3223 855 3306 ipsas
881 3243 938 3286 seu
963 3221 1159 3304 campanilia
1181 3220 1334 3285 invadere

57 3325 136 3392 forte
161 3330 427 3412 presumpserint,
451 3329 515 3392 nisi
539 3330 742 3410 quamtocius
767 3329 809 3393 ad
831 3328 1023 3392 mandatum
1045 3333 1138 3392 tuum
1167 3327 1332 3409 redierint,

57 3439 119 3499 tam
143 3435 178 3498 111
201 3435 274 3518 ipsa
297 3434 429 3499 civitate
459 3456 557 3516 quam
589 3435 692 3517 burgo
725 3435 833 3499 divina
862 3434 1077 3499 interdicendi
1105 3441 1138 3498 et
1164 3435 1238 3498 illos
1265 3435 1334 3497 vin·

57 3541 124 3609 aulo
159 3540 379 3606 anathematis
411 3541 588 3606 innodandi
621 3542 840 3626 appellatione
875 3546 1002 3605 remota
1038 3540 1175 3605 liberam
1210 3540 1334 3605 habeas

56 3647 254 3712 facultatem.
310 3648 434 3712 Datum
465 3648 623 3714 Laterani
655 3647 739 3712 VIII
770 3647 849 3712 Idus
882 3646 1087 3728 Novembris,
1124 3646 1334 3730 pontificatus

55 3754 158 3821 nostri
181 3775 265 3820 anno
288 3756 404 3838 primo.

51 4026 150 4092 400.
174 4025 352 4118 Caelestinus
374 4026 426 4086 III
453 4029 559 4088 docaria
591 4036 616 4088 01
648 4028 761 4087 daobas
788 4025 940 4085 canocicis
962 4025 1158 4085 maenalus
1184 4025 1334 4099 capotium

164 4133 228 4207 dat,
257 4139 291 4192 at
319 4135 547 4194 controversiam
578 4135 655 4193 irater
681 4133 898 4194 monasteriaco
923 4132 952 4192 S.
981 4132 1097 4192 Gisleai
1124 4136 1150 4190 et
1172 4131 1322 4190 Bactriaai

165 4240 200 4298 da
217 4239 339 4298 Bouana
361 4241 415 4299 dia
437 4242 579 4316 capitatam
602 4241 800 4300 determinent.

232 4357 306 4413 Bibl.
323 4364 382 4414 nat.
401 4359 487 4414 Paris.
506 4377 558 4414 ms.
577 4359 626 4413 lat.
647 4360 742 4414 12674.
766 4358 813 4414 fol.
833 4357 907 4412 213¹).
937 4374 1024 4411 manu
1042 4374 1064 4411 0.
1083 4369 1160 4411 xvn.

69 4568 72 4573 4
142 4498 325 4566 Gelestinus
349 4501 518 4584 episcopus
543 4522 653 4566 servus
677 4521 843 4566 servorum
865 4499 928 4564 Dei
956 4498 1084 4562 dilectis
1107 4496 1183 4562 filiis
1211 4497 1333 4562 decano
1375 4506 1460 4565 1192

50 4616 84 4674 et
107 4608 278 4690 magistris
302 4606 466 4690 Stephano
496 4613 529 4671 ct
555 4606 726 4673 Poucardo
756 4606 919 4672 canonicis
948 4603 1164 4669 Remcnsibus
1195 4605 1334 4669 salutem
1351 4596 1476 4655 Ian-20·
