3098 5056
439 1706 963 1826 calumme.
1035 1654 1042 1671 ’

152 2201 217 2296 Ex
234 2230 338 2295 tribus
358 2228 502 2294 fontibus
520 2228 714 2312 proveniunt
732 2228 888 2311 epistolae
907 2227 1095 2311 pontificum
1110 2227 1340 2311 Romanorum,

60 2377 145 2438 quae
171 2360 362 2437 sequuntur,
391 2354 546 2418 ineditae:
578 2353 717 2436 primum
741 2373 780 2416 ex
803 2353 969 2417 codicibus
998 2353 1213 2418 bibliothecae
1237 2355 1341 2418 natio÷

60 2480 144 2544 nalis
168 2480 350 2561 Parisinae‚
374 2479 460 2544 unde
484 2499 550 2560 eaS,
575 2499 659 2560 quae
683 2476 725 2541 ad
743 2477 914 2542 historiam
933 2499 1091 2561 paparum
1114 2477 1341 2543 illustrandam

59 2605 109 2669 vel
142 2604 185 2668 ad
218 2604 269 2667 ius
302 2604 492 2668 canonicum
524 2602 639 2666 melius
672 2603 929 2685 cognoscendum
945 2603 1159 2711 prodessent,
1193 2609 1250 2667 aut
1272 2605 1341 2687 ipse

61 2729 219 2812 descripsi
242 2733 300 2792 aut
323 2728 364 2792 ab
389 2728 462 2792 aliis
487 2727 717 2792 describendas
741 2728 850 2791 curavi
868 2733 1045 2812 posteaque
1064 2729 1200 2808 contuli3
1226 2729 1341 2793 deinde

61 2875 99 2917 ex
123 2851 343 2935 „Collectione
361 2853 584 2935 Britannica“‚
609 2853 700 2917 cuius
715 2852 946 2936 'apographum
969 2854 1003 2917 in
1026 2854 1144 2918 scrinio
1168 2851 1341 2919 Societatis

60 2977 347 3042 Monumentorum
367 2976 562 3042 Germaniae
582 2983 777 3042 asservatur.
822 2976 871 3042 Ac
895 2978 923 3042 si
941 2978 1019 3061 quid
1042 2980 1076 3041 in
1095 2977 1227 3043 edendis
1246 2977 1341 3042 huius

60 3102 261 3167 collectionis
285 3101 430 3185 epistolis
453 3101 558 3166 habeo
582 3102 705 3183 meriti,
730 3102 891 3167 attribuas
914 3103 1010 3166 velim
1033 3102 1072 3167 V.
1098 3101 1144 3167 Cl.
1169 3102 1341 3169 Edmundo

58 3227 185 3309 Bishop
208 3225 429 3291 Londoniensi
453 3231 485 3290 et
507 3226 611 3291 Paulo
635 3226 748 3290 Ewald
770 3227 988 3311 Berolinensi,
1018 3248 1154 3309 quorum
1177 3227 1232 3291 illc
1256 3227 1341 3291 codi-

58 3373 131 3416 cem
154 3352 189 3414 in
212 3352 324 3417 Museo
348 3351 537 3417 Britannico
564 3352 687 3416 invenit
715 3352 967 3436 descripsitque,
999 3351 1052 3415 hic
1085 3373 1158 3416 eum
1187 3358 1342 3435 exparte

57 3475 185 3559 publici
207 3477 287 3541 iuris
314 3475 391 3540 fecit
417 3475 655 3559 uberrimisque
684 3477 769 3542 notis
799 3479 926 3541 ornavit
954 3479 987 3540 in
1010 3475 1118 3541 Neues
1142 3476 1261 3542 Archiv
1286 3477 1343 3541 der

58 3599 281 3665 Gcsellschaft
303 3600 324 3665 f.
349 3602 451 3666 'altere
476 3602 630 3667 deutsche
649 3601 766 3667 Gcsch.
777 3601 817 3666 V.
835 3562 898 3667 {75
910 3623 956 3684 sq.
1003 3600 1116 3684 Neque
1136 3598 1211 3666 ver'o
1231 3623 1342 3666 omnes

58 3726 92 3787 iu
116 3724 203 3789 libro
226 3747 298 3791 meo
321 3727 465 3792 invenies
485 3727 684 3792 collectionis
702 3726 912 3791 Britannicae
936 3726 1100 3809 epistolaS,
1121 3726 1178 3790 sed
1202 3732 1342 3791 tantum-

59 3849 158 3914 modo
183 3871 249 3932 eas,
274 3873 412 3933 quarum
427 3851 580 3916 Ewaldus
604 3872 663 3915 nec
686 3852 720 3915 in
735 3851 841 3915 Neues
853 3850 974 3915 Archiv
997 3871 1057 3914 nec
1079 3851 1112 3913 in
1126 3849 1341 3933 Regestorum

59 3971 257 4037 Pontificum
289 3974 510 4040 Romanorum
543 3997 626 4040 nova
658 3976 800 4040 editione
831 3981 958 4040 textum
990 3974 1142 4058 praebuit
1169 3975 1341 4057 integrum.

59 4097 191 4162 Tertius
217 4099 355 4182 denique
379 4098 450 4164 fons
475 4105 525 4165 est
548 4099 650 4164 codex
673 4100 800 4182 collegii
819 4099 851 4164 S.
867 4099 1037 4163 Trinitatis
1053 4098 1341 4181 Cantabrigiensis,

58 4221 242 4287 Alexandri
264 4223 318 4287 ΠΙ
341 4225 470 4307 registri
493 4223 710 4307 fragmentum
734 4224 912 4289 continens,
959 4224 1008 4288 De
1038 4246 1102 4307 quo
1132 4224 1241 4288 codice
1264 4244 1343 4305 quo-

51 4347 149 4409 'niam
173 4348 206 4411 in
229 4348 337 4413 Neues
361 4347 482 4413 Archiv
504 4348 547 4413 X.
573 4351 637 4414 586
670 4347 773 4412 fusius
808 4349 961 4431 disserui,
995 4350 1074 4414 satis
1106 4354 1157 4413 est
1183 4348 1244 4412 hoc
1272 4347 1342 4411 loco

59 4473 257 4554 meminisse,
283 4475 490 4556 septuaginta
513 4475 547 4537 in
571 4495 608 4538 eo
632 4473 739 4538 inesse
763 4474 918 4558 epistolas
942 4467 1079 4557 excepta
1105 4494 1171 4537 una
1190 4463 1343 4537 'nondum

58 4602 156 4660 notas
180 4597 264 4680 (vide
288 4597 373 4663 infra
395 4619 490 4681 pagg,
518 4601 591 4679 129,
618 4601 815 4684 lla-208).
