3098 5056
285 283 411 338 Uariam
429 297 466 336 111
484 297 523 336 ar
541 283 719 338 mannans
737 297 774 336 111
792 296 960 337 mxsrouan
978 283 1039 337 388.
1059 283 1111 338 389
1276 270 1339 333 231

59 446 191 510 curetis.
240 442 391 508 Ceterum
415 443 443 507 si
466 457 596 507 omnes·
625 443 677 507 his
708 443 906 525 exequendis
937 443 1149 525 nequiveritis
1172 445 1340 527 interesse,
1360 442 1514 502 1186-87

61 553 123 618 duo
147 557 293 616 vestrum
316 570 355 614 ea
373 549 601 615 nichilominus
621 555 824 632 exequantur
846 550 964 614 litteris
983 571 1191 632 nequaquam
1210 551 1340 616 obstan·
1376 532 1433 593 1¹¹1·
1446 533 1496 594 3⁰·

60 659 148 724 tibus
180 659 322 722 istarum
351 679 416 722 non
445 656 561 721 habita
592 657 755 721 mentione
788 678 808 720 a
836 656 912 721 sede
940 657 1120 739 apostolica
1146 656 1339 740 impetratis.

62 767 183 831 Datum
206 762 376 828 Veronaeb
398 762 452 827 HI
474 762 641 827 Kalendas
664 763 816 845 Augusti.

66 1055 147 1120 888.
177 1054 315 1114 Urbanus
337 1053 389 1112 ΠΙ
405 1053 551 1129 fratribus
581 1052 610 1111 S.
639 1052 783 1111 Garatoni
805 1054 839 1112 dc
862 1053 963 1112 Pratis
987 1053 1107 1128 (Paris.)
1139 1054 1278 1129 indnlpet,
1305 1073 1343 1113 ne

169 1162 207 1220 in
228 1160 330 1220 canois
352 1178 420 1218 cani
443 1159 657 1234 archiepiscopo
683 1159 847 1218 Senamontai
870 1159 1003 1218 amamini
1030 1159 1201 1235 aliquemne
1224 1161 1252 1219 ci
1273 1161 1341 1219 snb-

171 1270 304 1328 ditorinn
326 1286 357 1325 aa
378 1266 521 1325 subiicere
544 1272 691 1340 amantur.

255 1385 430 1457 Autograph.
449 1383 585 1465 mutilum
603 1384 633 1438 in
651 1383 739 1439 tabul.
758 1390 815 1439 nat.
835 1384 922 1438 Paris.
940 1385 973 1439 L.
993 1385 1045 1440 233
1063 1403 1091 1439 n.
1111 1385 1136 1438 2.

145 1546 303 1615 Urbanus
327 1547 497 1629 episcopus
521 1564 632 1608 servus
656 1565 821 1610 servorum
844 1545 907 1622 Dei
931 1544 1058 1609 dilectis
1082 1544 1158 1609 filiis
1182 1544 1341 1633 F(ulo'oni)
1393 1554 1475 1614 1187

67 1655 173 1721 abbati
197 1660 232 1719 et
254 1652 397 1736 capitulo
421 1651 528 1715 sancti
543 1648 698 1715 Germani
723 1651 761 1716 de
774 1651 884 1716 Pratis
909 1652 1048 1716 salutem
1071 1657 1105 1715 et
1128 1653 1341 1735 apostolicam
1358 1641 1506 1705 Febr-11·

66 1761 328 1826 benedictionem.
376 1756 457 1822 Cum
481 1759 716 1822 monasterium
738 1761 894 1843 vlestrum
918 1758 971 1844 ad)
994 1781 1053 1824 nos
1080 1765 1113 1823 et
1135 1759 1341 1845 Romanam)

66 1867 232 1933 ecclesiam
255 1865 345 1931 nullo
376 1864 563 1950 (medianlte
591 1865 742 1947 pertinet,
774 1865 929 1951 dignlum)
953 1872 1003 1929 est
1028 1873 1062 1930 et
1089 1888 1266 1931 consonum
1288 1887 1340 1930 ra·

64 1976 155 2057 tioni,
188 1978 228 2038 ut
255 1978 368 2036 contra
390 1970 535 2035 indebite
559 1970 818 2056 (molestat)ionis
847 1973 1036 2053 gravamina
1066 1973 1244 2057 apostolice
1266 1995 1340 2056 pro·
1395 2049 1398 2055 Ι

63 2080 212 2147 lectionis
244 2077 387 2143 favorem
418 2078 453 2140 in
484 2077 602 2140 restris
635 2077 910 2160 oportunitatibus
947 2080 1105 2144 sentiatis.
1161 2079 1209 2144 Ne
1241 2081 1341 2162 igitur

62 2186 255 2253 venerabilis
283 2184 385 2249 frater
411 2189 578 2248 noster..
603 2181 820 2269 (Senonelusis
849 2184 1110 2269 archiepiscopus
1119 2192 1140 2268 1,
1170 2188 1226 2268 qui
1248 2186 1340 2252 vobis

62 2300 92 2358 et
112 2292 315 2359 monasterio
337 2296 445 2355 restro
463 2291 570 2372 gravis
590 2290 698 2373 sepius
718 2295 750 2353 et
768 2290 923 2354 molestus
943 2292 1063 2374 existit,
1087 2294 1121 2357 in
1140 2293 1256 2374 causis,
1277 2313 1340 2375 que

61 2402 143 2465 inter
166 2420 225 2465 ros
248 2403 282 2462 et
303 2398 411 2481 ipsum
434 2401 612 2478 emergunt,
636 2395 727 2460 vobis
750 2398 853 2478 possit
875 2418 934 2479 per
957 2420 1032 2463 suos
1056 2398 1202 2464 subditos
1226 2420 1339 2481 grava-

61 2528 133 2571 men
152 2503 284 2585 inferre,
308 2503 505 2568 auctoritate
524 2502 616 2567 vobis
635 2503 834 2585 presentium
853 2502 1089 2588 ind(ulg)emus,
1113 2510 1151 2568 ut
1170 2505 1228 2570 sub
1253 2508 1339 2590 (exa-

61 2614 145 2678 mine
169 2612 366 2697 aliqu)orum
390 2630 446 2674 sue
470 2609 644 2692 provincie,
674 2609 730 2691 qui
763 2609 792 2672 ei
824 2615 935 2673 tamen
968 2609 1105 2674 subiecti
1129 2613 1281 2694 existant,
1305 2612 1339 2676 in

62 2720 177 2801 causis,
203 2738 284 2801 quas
306 2739 363 2782 ros
387 2716 542 2780 adversus
565 2715 672 2798 ipsum
686 2715 736 2778 vel
755 2716 824 2798 ipse
845 2714 999 2779 adversus
1022 2739 1078 2781 vos
1097 2716 1259 2799 habuerit,
1284 2740 1339 2783 ne-

63 2846 227 2908 quaquam
250 2823 409 2905 cogamini
432 2823 572 2904 litigare.
619 2821 743 2886 Datum
766 2820 894 2886 Verone
917 2821 971 2885 HI
993 2821 1072 2887 Idus
1095 2823 1296 2889 Februarii.2

64 3113 148 3179 389.
176 3113 313 3174 ainans
334 3112 386 3171 111
403 3111 500 3171 abbati
523 3117 549 3169 ct
570 3110 716 3186 fratribus
743 3111 990 3170 Olnniacensibns
1017 3112 1117 3170 scribit
1140 3113 1174 3171 dc
1195 3115 1340 3188 composi-

170 3220 250 3280 tione
270 3219 348 3277 inter
369 3218 586 3276 monasterirum
603 3217 632 3276 S.
650 3216 792 3291 Stephani
805 3218 986 3278 Nincnnense
1008 3226 1034 3278 ct
1048 3219 1081 3277 P.
1104 3221 1240 3279 comitant
1261 3222 1340 3298 sacta

168 3333 257 3403 atqnc
279 3345 297 3385 a
321 3326 460 3400 Philippo
485 3324 671 3383 llanwonnnn
692 3342 755 3398 nepa
777 3324 907 3400 firmata.

218 3444 291 3499 Bibl.
310 3450 367 3499 nat.
386 3443 475 3498 Paris.
494 3460 545 3497 ms.
564 3441 613 3496 lat.
634 3443 729 3496 16992.
754 3440 800 3496 fol.
821 3443 881 3497 241.
910 3443 1026 3514 Scripsit
1043 3445 1179 3501 Martene.

144 3605 296 3670 Clemens
328 3604 498 3687 episeopus
530 3623 640 3666 servus
674 3623 838 3666 servorum
862 3602 924 3667 Dei
957 3603 1084 3669 dilectis
1107 3604 1183 3671 filiis
1206 3607 1337 3690 Hugoni
1389 3630 1473 3690 1188

13 3694 19 3831 ἰ
61 3712 170 3778 abbati
185 3717 219 3776 et
233 3711 404 3776 conventui
418 3709 625 3774 Cluniaoensi
641 3709 780 3773 salutem
794 3715 827 3773 et
841 3711 1054 3792 apostolicam
1068 3711 1336 3779 benedictionem.
1356 3721 1440 3780 Febr.
1454 3721 1504 3782 20.

15 3836 19 3887 ἰ
60 3816 188 3899 Quanto
222 3817 394 3901 specialius
423 3816 614 3882 coenobium
641 3821 783 3880 vestrum
806 3817 838 3880 b.
862 3817 953 3881 Petri
982 3818 1063 3882 iuris
1087 3820 1206 3903 existit,
1239 3827 1272 3885 et
1295 3822 1338 3885 ad

13 3908 17 3975 Ῑ
59 3919 204 3991 nostram
227 3925 443 4007 provisionem
467 3923 556 3987 nullo
580 3922 745 3986 mediante
768 3924 911 4005 pertinet
935 3930 967 3988 et
990 3926 1142 4007 tutelam,
1169 3933 1202 3991 et
1224 3950 1280 3992 vos
1305 3934 1338 3993 et

11 4034 13 4039 ’
58 4031 324 4114 praedecessores
354 4030 454 4093 vestri
486 4031 520 4092 in
552 4052 590 4094 eo
621 4028 752 4094 coelesti
780 4029 968 4110 magisterio
997 4032 1119 4095 subditi
1148 4032 1339 4116 disciplinae

58 4160 112 4221 per
134 4137 333 4203 infusionem
366 4137 471 4200 sancti
504 4137 637 4219 spiritus
671 4134 802 4200 odorem
834 4135 1016 4200 honestatis
1048 4144 1081 4201 et
1109 4138 1275 4220 religionis
1305 4141 1339 4203 in

56 4252 166 4310 vestro
188 4243 347 4308 hactenus
371 4243 483 4307 ordine
507 4243 679 4308 observare
708 4242 807 4306 latius
836 4243 1036 4326 expandistis
1043 4293 1051 4324 ,
1082 4250 1175 4309 tanto
1199 4245 1241 4309 ad
1265 4268 1339 4311 con-

144 4430 159 4454 ·
176 4427 269 4474 cmrcni
284 4442 313 4473 en
330 4424 447 4473 omnibus
465 4443 485 4472 c.
558 4421 571 4453 b
589 4425 722 4472 Veronnae
740 4442 760 4471 a.

147 4524 280 4583 ¹Guido.
371 4528 479 4582 ²Idem
498 4527 597 4582 iisdem
623 4526 714 4580 verbis
733 4526 880 4580 confirmat
897 4526 1026 4582 Clemens
1044 4527 1092 4581 III
1115 4528 1194 4583 bulla
1221 4529 1289 4584 data
1311 4529 1337 4586 d.

57 4619 89 4673 16
107 4635 149 4672 m.
167 4615 251 4687 April
270 4617 348 4684 1189,
366 4617 445 4671 cuius
464 4623 572 4687 autogr.
592 4615 621 4668 in
641 4614 727 4669 tabul.
747 4621 803 4669 nat.
823 4615 910 4669 Paris.
929 4615 961 4669 L.
981 4617 1033 4670 234
1051 4633 1078 4670 n.
1098 4619 1114 4672 6
1133 4624 1266 4674 servatur.
