3098 5056
136 272 143 288 ι
224 237 288 298 234
637 249 817 304 1111111111
835 262 1004 304 1111616111
1023 249 1075 304 385

48 410 353 475 1186-871616161
384 409 549 494 praefixit,
583 409 760 474 secundum
793 433 891 494 quem
921 412 956 475 in
988 411 1131 475 ecclesiis
1163 410 1265 494 recipi
1299 411 1442 476 debeant
1474 419 1507 477 61

65 499 180 576 Alf-9·
223 518 485 601 procurationem
516 517 647 581 habere.
694 516 743 581 Ne
774 518 875 600 igitur
907 521 1020 582 contre
1053 518 1317 582 constitutionem
1348 518 1441 582 illam
1473 520 1507 582 in

224 625 358 689 66161116
383 622 503 688 factam
526 623 681 688 ecelesiae
705 611 832 688 vestrae
856 626 982 708 possint
1006 623 1166 688 sumtibus
1191 625 1328 705 onerari,
1352 646 1507 708 praesen-

222 731 311 796 tibus
334 730 425 794 vobis
448 730 805 813 litterisindulgemus,
829 736 875 812 ut,
900 732 928 795 si
948 730 1193 815 archiepiscopi,
1218 731 1376 814 episcopi,
1401 731 1508 797 archi-

224 838 352 902 diaconi
382 836 435 900 161
467 836 581 901 decani
614 835 656 900 ad
689 838 842 902 ecclesias
874 842 999 902 vestras
1026 837 1061 901 in
1083 838 1200 902 maiori
1222 858 1372 919 numero,
1407 860 1508 920 quam

224 931 385 1009 statutum
405 927 456 1008 vsit
483 944 517 1007 in
545 943 679 1008 concilio
712 951 901 1026 memorato,
935 944 1087 1009 duxerint
1109 944 1342 1025 accedendum,
1377 944 1421 1008 ad
1452 966 1509 1010 666

223 1051 424 1135 recipiendos
458 1055 491 1115 et
522 1051 742 1133 procurandos
773 1073 839 1116 nou
874 1053 1006 1135 possitis
1045 1051 1266 1116 ecclesiastica
1302 1051 1509 1117 districtione

224 1157 382 1243 compelli.
424 1155 626 1221 Sententiam
648 1179 734 1240 vero,
748 1159 787 1222 si
811 1178 876 1240 qua
899 1159 933 1220 in
955 1179 1012 1222 vos
1035 1157 1086 1221 vel
1110 1157 1264 1222 ecclesias
1288 1164 1423 1241 propter
1446 1158 1509 1223 hoo

223 1265 307 1331 16116
330 1263 539 1348 protulerint,
573 1262 775 1328 decernimus
802 1264 1005 1329 irritandam.
1052 1265 1176 1329 Datum
1199 1262 1348 1329 Veronae
1372 1264 1404 1329 V
1427 1265 1509 1330 Idus

223 1370 357 1454 Aprilis.
1151 1370 1155 1375 ’

225 1681 310 1748 385.
340 1682 475 1742 Urbanus
498 1681 549 1740 III
566 1680 694 1740 Heorieo
726 1671 941 1756 archiepiscopo
968 1681 1151 1740 Bituricerasc'
1176 1698 1233 1756 per
1264 1687 1356 1740 totam
1383 1682 1508 1756 procin-

336 1790 424 1862 ctam,
449 1795 560 1863 eccepto
582 1789 762 1847 morcasterc'o
785 1788 919 1862 Dolensi,
943 1789 1018 1846 eicos
1040 1807 1113 1846 6666
1135 1787 1299 1846 committit.

394 1907 466 1962 Bibl.
485 1913 542 1962 nat.
562 1907 649 1961 Paris.
669 1907 738 1962 Coll.
758 1907 862 1962 Baluze
881 1908 923 1961 79.
952 1906 999 1962 fol.
1020 1907 1079 1961 182.
1108 1923 1195 1961 manu
1213 1924 1235 1961 s.
1254 1919 1332 1961 xv11.

49 2084 203 2145 1186-87
314 2068 467 2134 Urbanus
491 2070 661 2160 episcopus
686 2090 796 2133 servus
821 2090 987 2134 servorum
1009 2069 1071 2133 Dei
1099 2070 1278 2134 venerabili
1301 2069 1397 2134 fratri
1420 2070 1506 2135 Hen-

60 2173 195 2250 1111113-
225 2177 293 2241 1166
317 2175 560 2258 archiepiscopo
568 2180 590 2256 1,
623 2176 822 2257 Aquitaniae
853 2176 1000 2258 primati,
1034 2177 1233 2259 apostolicae
1268 2176 1355 2240 sedis
1387 2177 1504 2260 legato,

227 2283 365 2347 salutem
393 2287 426 2345 et
456 2282 668 2364 apostolicam
696 2281 965 2347 benedictionem.
1013 2280 1142 2363 Quanto
1167 2282 1326 2347 beneficia
1347 2284 1504 2365 graciosa,

227 2388 303 2453 dum
327 2380 471 2453 essemus
495 2389 529 2451 in
552 2389 670 2451 minori
693 2387 809 2469 officio,
834 2388 876 2453 ab
900 2389 1036 2454 66616616
1054 2388 1116 2452 tibi
1139 2392 1312 2455 commissa
1334 2412 1394 2454 nos
1418 2412 1503 2455 aoce-

226 2498 313 2581 pisse
336 2495 509 2560 recolimus
542 2500 575 2558 et
597 2494 780 2559 uberiorem
812 2495 854 2560 ab
883 2516 921 2560 eo
949 2496 1090 2578 gratiam
1114 2503 1294 2577 6666611166,
1323 2502 1417 2563 16116
1442 2519 1503 2562 am-

225 2604 311 2687 plius
335 2624 392 2667 nos
422 2603 451 2665 61
478 2601 736 2682 recognoscimus
766 2601 929 2667 debitores
958 2608 991 2666 et
1016 2602 1171 2666 libentius
1199 2604 1306 2686 ipsam
1333 2625 1503 2687 praeroga-

225 2711 293 2773 tiva
315 2714 447 2773 nostrae
471 2706 653 2772 dilectionis
683 2714 716 2786 et
743 2710 850 2790 gratia
878 2709 1078 2774 decoramus
1125 2708 1212 2773 lllud
1239 2710 1338 2773 etiam
1368 2711 1410 2775 ad
1435 2732 1504 2776 exe·

227 2816 390 2899 quendum
413 2820 544 2879 nostrae
568 2814 745 2879 voluntatis
764 2817 966 2898 propositum
986 2816 1142 2880 attentius
1166 2837 1225 2880 nos
1248 2814 1383 2898 inducit,
1408 2817 1503 2900 quod,

226 2944 300 2988 cnm
324 2922 386 2986 616Ε
408 2944 473 2986 161
497 2921 601 2986 solum
624 2923 751 3003 generis
776 2921 951 2986 sedetiam
969 2944 1095 2986 morum
1114 2922 1285 2987 nobilitate
1304 2925 1504 3006 perspicuus

225 3035 302 3093 tuae
326 3029 471 3093 sincerae
495 3028 674 3094 devotionis
698 3027 850 3119 affectum
878 3012 1045 3093 circa‘nos
1070 3034 1103 3092 et
1125 3027 1307 3094 Romanam
1335 3031 1505 3094 ecclesiam

225 3157 328 3219 usque
352 3136 433 3200 adeo
456 3135 631 3201 manifesta
653 3156 762 3199 rerum
786 3135 983 3199 exhibitione
1008 3135 1169 3216 declaras,
1199 3141 1236 3198 ut
1259 3135 1300 3200 ab
1325 3137 1506 3220 apostolica

226 3243 301 3307 sede
333 3264 399 3307 non
430 3243 591 3308 immerito
625 3241 715 3323 diligi
748 3240 873 3308 debeas,
899 3241 949 3305 etl
981 3242 1173 3325 propensius
1203 3241 1367 3307 honorari.
1420 3242 1505 3308 Sane

219 3356 299 3413 'cum
322 3370 380 3433 per
403 3372 461 3414 nos
486 3350 600 3432 exequi
624 3371 689 3413 non
712 3348 887 3431 possimus,
917 3370 1001 3431 quae
1028 3349 1122 3413 uobis
1152 3369 1192 3412 ex
1216 3354 1387 3432 susceptae
1411 3351 1504 3414 mini·

227 3457 325 3521 sterio
354 3457 519 3520 servitutis
545 3457 717 3520 imminent
739 3454 943 3536 exequenda,
971 3455 1045 3520 illos
1068 3455 1102 3518 in
1125 3460 1252 3538 partem
1278 3455 1505 3521 sollicitudinis

226 3563 385 3627 advocare
417 3568 578 3644 tenemur,
608 3562 647 3626 de
679 3583 816 3645 quorum
843 3561 1018 3644 prudentia
1046 3568 1079 3626 et
1109 3561 1281 3626 honestate
1314 3562 1506 3628 confidimus

227 3674 259 3733 et
277 3690 336 3752 per
355 3690 435 3751 quos
454 3669 541 3733 vitiis
561 3670 748 3752 exstirpatis
770 3669 928 3733 virtutum
957 3674 1069 3732 autore
1089 3667 1159 3733 Deo
1179 3668 1341 3733 credimus
1360 3673 1507 3752 germina

226 3775 446 3859 propaganda.
484 3761 679 3859 Eapropter,
702 3774 897 3840 venerabilis
920 3775 954 3837 in
974 3773 1103 3841 Christo
1126 3774 1229 3840 frater
1252 3775 1505 3861 archiepiscope,

226 3882 259 3945 in
282 3887 316 3946 16
339 3881 545 3964 probitatem,
571 3882 766 3963 elegantiam
784 3903 911 3946 morum
930 3886 963 3945 et
987 3881 1132 3947 sincerae
1152 3882 1331 3947 devotionis
1355 3890 1505 3948 constan-

164 4033 166 4038 2
226 3989 307 4052 tiam
331 3988 547 4069 attendentes,
576 4010 634 4071 per
662 3992 765 4052 totam
788 3989 987 4070 provinciam
1014 3994 1119 4070 tuam,
1145 3996 1281 4073 excepto
1307 3992 1505 4055 monasterio

226 4095 375 4175 Dolensi,
408 4095 448 4159 de
481 4095 614 4160 consilio
646 4093 784 4158 fratrum
811 4100 996 4159 nostrorum
1024 4095 1222 4178 apostolicae
1250 4095 1311 4160 tibi
1333 4096 1505 4178 legationis

228 4200 369 4266 officium
394 4201 624 4266 committimus
648 4199 882 4283 exequendum,
907 4201 996 4264 utin
1019 4222 1058 4266 66
1081 4202 1149 4265 vice
1176 4208 1303 4284 nostra,
1329 4223 1414 4285 quae
1439 4224 1505 4267 cor·

227 4307 362 4390 rigenda
386 4314 463 4372 sunt
495 4308 652 4389 corrigas,
686 4305 805 4371 evellas
836 4328 920 4390 quae
950 4306 1072 4372 fuerint
1103 4307 1279 4390 evellenda,
1313 4315 1347 4373 et
1378 4309 1506 4392 plantes

316 4493 328 4517 ⁸
346 4489 367 4538 si
385 4508 406 4538 c.
479 4485 728 4538 1)6κ166111”1166(Ι.

318 4593 328 4623 1
346 4592 521 4648 Bituricensi.
