3098 5056
238 256 300 316 124
634 268 801 321 Hanamur
817 281 851 320 1v
875 281 1042 322 umerorum
1061 267 1113 321 228

112 431 195 489 1156
237 431 286 512 pis
315 429 452 493 salutem
485 434 517 492 et
547 427 759 510 apostolicam
789 427 1055 491 benedictionem.
1102 426 1194 492 Sicut
1215 425 1356 492 filiorum
1386 433 1512 493 nostro·

91 519 218 580 111113·
238 558 310 600 rum
332 535 550 620 M(anegaudi)
574 534 703 599 abbatis
727 539 759 596 et
777 533 1009 599 monachorum
1028 534 1205 598 aecclesiae
1224 535 1328 598 sancti
1342 534 1513 599 Michaelis

238 642 432 706 transmissa
454 662 557 724 nuper
580 640 621 704 ad
643 662 702 704 nos
722 641 950 721 conquestione
973 641 1133 723 pervenit,
1162 639 1280 705 nobilis
1303 641 1354 703 vir
1377 640 1512 705 1161161-

236 748 295 812 dus
318 768 425 813 comes
449 737 490 811 de'
511 748 588 829 Bar,
616 749 731 812 timore
754 745 816 809 Dei
839 747 1019 829 postposito
1043 752 1076 809 et
1097 747 1278 811 reverentia
1301 768 1415 812 sacrae
1438 748 1512 811 reli-

234 855 338 935 gionis
362 853 499 935 abiecta,
523 855 570 918 ita
593 874 648 918 eos
672 853 879 935 persequitur
902 859 935 917 et
956 852 1103 941 infestat,
1133 857 1171 916 ut
1193 853 1246 917 vix
1268 854 1334 918 iam
1358 854 1404 918 eis
1433 875 1513 937 prae

234 959 322 1024 illius
355 966 387 1024 et
419 960 633 1043 quorumdam
664 960 801 1024 aliorum
830 959 1053 1042 persecutione
1087 960 1240 1052 supersit,
1265 959 1350 1024 unde
1374 961 1513 1045 simplex

234 1067 314 1150 ipsis
349 1067 457 1131 valeat
489 1067 642 1131 alimonia
673 1065 850 1148 pervenire.
890 1065 989 1130 'Bona
1022 1065 1182 1147 siquidem
1209 1087 1320 1130 eorum
1352 1072 1422 1131 tam
1454 1089 1513 1150 per

235 1194 268 1236 se
293 1194 391 1254 quam
413 1194 472 1255 per
495 1173 668 1237 advocatos
693 1177 725 1236 et
747 1172 912 1236 ministros
937 1192 1012 1236 snos
1037 1171 1176 1254 diripere
1199 1178 1232 1236 et
1256 1172 1402 1238 homines
1425 1174 1511 1257 ipso-

234 1301 306 1342 rum
342 1279 495 1343 indebitis
529 1278 750 1343 exactionibus
784 1283 816 1342 et
846 1277 987 1359 angariis
1023 1299 1088 1342 non
1121 1277 1240 1342 desinit
1271 1299 1444 1362 agravare,
1479 1286 1511 1344 et

234 1407 307 1448 cum
330 1385 433 1450 felicis
461 1380 614 1451 memorie
644 1406 730 1467 papa
752 1383 918 1466 Eugenius
946 1383 1156 1466 predecessor
1181 1391 1292 1450 noster
1315 1386 1510 1468 quibusdam

233 1497 376 1556 vestrum
401 1493 440 1557 de
463 1492 550 1557 illius
569 1491 798 1573 redargutione
822 1490 943 1571 scripta
962 1511 1021 1553 sua
1039 1491 1266 1573 transmiserit,
1290 1492 1392 1557 multo
1416 1493 1512 1575 plura

235 1605 267 1663 et
289 1600 439 1681 graviora
461 1598 548 1663 mala
571 1599 617 1662 eis
636 1596 852 1680 postmodum,
876 1602 913 1659 11
932 1596 1059 1679 dicitur,
1079 1597 1242 1679 irrogavit.
1279 1597 1319 1660 In
1338 1619 1403 1680 quo
1423 1599 1510 1665 facto

233 1705 334 1787 vobis,
359 1707 415 1788 qui
438 1705 603 1786 regiminis
626 1703 732 1768 locum
755 1704 790 1766 in
808 1702 927 1786 populo
941 1702 1004 1766 Dei
1022 1703 1150 1785 tenetis,
1175 1703 1408 1787 providendum
1430 1727 1509 1769 una-

234 1811 363 1875 nimiter
386 1811 542 1875 attentius
567 1816 599 1874 61
620 1809 813 1891 timendum,
842 1830 896 1891 ne,
926 1810 953 1873 si
975 1808 1059 1874 forte
1086 1810 1205 1892 inpune
1232 1810 1286 1874 ille
1313 1811 1509 1876 tirannidem

234 1939 326 1981 suam
350 1938 446 2000 super
469 1916 638 1980 ecclesiam
660 1916 723 1980 Dei
756 1916 877 1979 diutius
902 1916 1094 1998 exercuerit,
1128 1917 1166 1983 in¹
1184 1917 1362 1999 periculum
1387 1919 1509 1982 anima·

233 2045 304 2086 111
324 2029 506 2087 vestrarum
521 2022 647 2104 debeat,
672 2021 759 2104 quod
773 2028 900 2085 avertat
913 2021 1081 2103 Dominus,
1097 2021 1288 2086 redundare.
1325 2014 1510 2108 Eapropter

233 2127 430 2193 fraternitati
453 2136 579 2194 restrae
602 2149 661 2211 per
684 2128 862 2210 apostolica
885 2129 1007 2211 scripta
1025 2128 1225 2210 mandamus,
1250 2131 1413 2211 quatinus,
1438 2131 1509 2194 dili-

234 2237 343 2317 gentia
356 2234 535 2319 pontificali
554 2235 701 2299 adhibita
719 2235 870 2316 omnique
888 2235 1077 2299 remissione
1096 2256 1134 2298 ac
1156 2235 1326 2318 tepiditate
1350 2244 1508 2317 cessante,

232 2341 394 2425 prefatum
418 2343 567 2407 comitem
592 2341 768 2405 districtius
799 2341 972 2422 moneatis,
1005 2346 1042 2403 ut
1072 2362 1171 2423 supra
1199 2341 1284 2406 dicto
1311 2344 1509 2408 monasterio

232 2449 341 2531 inique
370 2448 482 2513 ablata
509 2449 670 2529 restituat,
704 2449 847 2529 irrogata
880 2449 1000 2512 damna
1031 2448 1202 2529 resarciat,
1236 2448 1277 2513 ab
1309 2449 1377 2512 eius
1409 2449 1508 2514 mole-

233 2556 303 2619 stiis
328 2561 361 2619 et
384 2554 613 2636 depredatione
638 2554 775 2618 desistat
803 2561 835 2618 61
856 2554 1002 2619 homines
1026 2554 1128 2636 ipsius
1159 2554 1310 2618 indebitis
1334 2556 1508 2620 exactioni-

233 2661 293 2726 bus
317 2667 350 2725 et
373 2661 511 2725 servitiis
535 2681 711 2742 aggravare
735 2661 774 2725 de
798 2667 906 2725 cetero
929 2682 994 2725 non
1012 2665 1188 2743 presumat.
1233 2659 1268 2726 Si
1286 2682 1362 2726 vero
1387 2683 1508 2726 ammo-

232 2767 347 2832 nitioni
379 2772 486 2831 vestre
518 2787 616 2849 super
646 2766 697 2830 his
731 2767 909 2831 decreverit
932 2767 1136 2848 obviandum,
1168 2768 1508 2832 excommunicationis

233 2895 306 2937 eum
338 2873 464 2938 vinculo
491 2872 653 2938 innodetis
686 2879 718 2936 et
741 2874 783 2937 ad
806 2894 1040 2956 quemcumque
1063 2872 1171 2938 locum
1198 2873 1376 2956 devenerit,
1406 2873 1509 2939 donec

232 3000 364 3061 presens
388 2979 498 3061 fuerit,
531 2979 638 3043 divina
661 2979 707 3042 ibi
730 2979 929 3062 prohibeatis
954 2979 1060 3045 officia
1088 2979 1255 3043 celebrari.
1302 2980 1378 3044 Dat.
1403 2980 1508 3045 Bene-

232 3087 319 3150 venti
342 3085 381 3150 V.
406 3085 487 3150 Non.
511 3086 607 3150 Mart.
649 3181 651 3184 y

232 3302 320 3386 228.
342 3303 516 3362 Hadrianus
533 3303 554 3361 I
556 3303 584 3360 V
600 3303 726 3379 capitulo
744 3303 944 3379 Andeqoucusi
967 3304 1074 3377 scribit,
1098 3322 1160 3361 6666
1182 3304 1420 3362 connsuetudinem
1443 3305 1509 3362 6116·

342 3410 377 3468 in
399 3410 536 3485 6116661116
559 3410 700 3486 episcopis
723 3410 900 3469 obseruatum
919 3409 1040 3484 penitus
1063 3409 1256 3468 damnavisse.

415 3527 487 3582 Bibl.
506 3533 563 3582 nat.
582 3528 668 3582 Paris.
688 3528 758 3583 Coll.
778 3528 881 3582 Baluze
900 3529 951 3582 279
970 3527 1017 3582 fol.
1037 3528 1087 3582 227
1107 3545 1194 3583 manu
1211 3546 1232 3583 6.
1252 3542 1329 3583 xvn.

323 3687 487 3752 Adrianus
511 3689 680 3771 episcopus
705 3709 816 3752 servus
840 3710 1005 3753 servorum
1023 3688 1085 3751 Dei
1110 3688 1236 3752 dilectis
1258 3687 1333 3752 filiis
1356 3689 1506 3753 universo

235 3794 376 3877 capitulo
400 3795 626 3876 Andegavensi
650 3795 788 3859 salutem
812 3800 844 3858 et
867 3794 1079 3877 apostolicam
1101 3794 1367 3860 benedictionem.
1401 3792 1506 3858 Causa

235 3922 332 3985 super
355 3902 572 3966 controversia
600 3902 639 3966 de
667 3902 823 3966 electione
853 3898 1014 3982 pontificis
1045 3921 1103 3983 per
1127 3900 1376 3992 appellationem
1403 3901 1504 3964 karis-

233 4009 305 4071 simi
328 4009 362 4071 in
386 4006 514 4072 Christo
537 4007 608 4071 filiii
631 4009 734 4072 nostri
756 4008 841 4090 regis
865 4006 1065 4087 Anglorum1
1085 4006 1126 4070 ad
1145 4007 1343 4089 presentiam
1361 4013 1504 4071 nostram

233 4115 341 4179 delata
373 4119 405 4178 et
437 4113 631 4196 quibusdam
665 4113 703 4178 de
736 4112 891 4177 fratribus
924 4113 1039 4176 vestris
1072 4134 1131 4195 pro
1162 4113 1275 4178 eodem
1305 4113 1435 4195 negotio
1467 4134 1511 4176 ex·

233 4227 339 4286 vestra
361 4228 454 4304 parte
468 4221 608 4310 directis,
633 4219 872 4284 venerabilibus
892 4239 1020 4301 quoque
1035 4217 1190 4284 fratribus
1205 4220 1324 4285 nostris
1338 4219 1505 4304 R(otrodo)

233 4328 422 4394 Ebroioensi
455 4333 487 4391 et
519 4325 702 4411 G(uilelmo)
735 4324 967 4389 Cenomanensi
1004 4326 1163 4409 episcopis
1201 4331 1233 4390 et
1270 4327 1396 4391 dilectis
1432 4325 1505 4389 filiis

233 4437 351 4500 nostris
388 4434 554 4517 R(oberto)
589 4433 708 4497 abbate
745 4431 776 4496 S.
811 4431 921 4495 Albini
958 4438 991 4496 et
1024 4430 1062 4495 G.
1098 4431 1219 4497 decano
1256 4432 1287 4497 S.
1321 4431 1429 4497 Laudi
1465 4432 1505 4496 ab

323 4596 331 4624 ¹
351 4594 473 4649 Henrici.
