3098 5056
446 275 639 326 Anaxannar
656 285 694 324 111
712 285 880 326 xrrsrornu
899 273 952 326 274
1081 294 1083 298 ·
1274 261 1336 322 157

57 433 162 498 nostri
194 433 351 515 pervenit,
385 432 481 514 quod,
515 454 588 496 cum
611 430 801 496 recolendae
825 398 999 497 memoriae
1021 432 1140 497 Petrus
1173 430 1337 517 quondam
1374 436 1458 494 1178

58 539 320 603 'Parentasiensis
353 538 614 622 archiepiscopus
647 560 705 621 per
738 539 959 604 executionem
991 539 1136 604 mandati
1163 543 1267 606 nostri
1295 542 1336 606 ad
1353 524 1475 584 1¹11·13·

58 667 170 712 eorum
184 645 416 710 monasterium
435 645 636 725 accessisset,
653 665 752 726 agens
770 645 803 708 in
824 646 976 709 extremis
996 645 1164 729 disposuit,
1189 654 1226 711 ut
1245 649 1335 713 dum-

58 751 153 817 modo
177 751 268 816 loous
292 772 384 815 sacer
407 757 503 832 esset,
528 752 574 815 ibi
598 751 798 834 sepeliretur,
823 773 842 814 v
853 801 940 815 .....
980 773 1108 816 cursum
1131 754 1227 818 huius
1251 757 1337 820 vitae

58 858 175 923 finiret.
222 857 272 923 Eo
295 858 395 941 igitur
422 865 537 923 vocato
565 857 607 921 ad
630 857 805 923 Dominum
827 879 945 940 corpus
976 859 1064 922 eius·
1086 860 1177 924 iuxta
1201 861 1337 944 disposi-

58 967 179 1030 tionem
204 987 296 1028 suam
328 967 361 1029 in
394 965 507 1030 eodem
529 965 727 1029 monasterio
749 963 881 1044 honore,
906 986 970 1046 quo
994 964 1111 1046 decuit,
1137 967 1337 1050 sepulturam

59 1071 193 1155 accepit.
227 1070 321 1136 Unde
340 1071 512 1154 quoniamb
530 1071 663 1152 dignum
682 1076 740 1151 est,
764 1077 802 1134 ut
819 1069 932 1135 domus
947 1075 1059 1135 tantae
1073 1072 1238 1154 religionis
1253 1077 1337 1139 tanti

57 1178 188 1261 patroni
210 1179 328 1260 iugiter
351 1178 536 1260 praesentia
558 1176 740 1259 gratuletur
763 1181 795 1240 et
818 1197 838 1239 a
861 1176 920 1240 tali
948 1177 1082 1260 collegio
1107 1181 1262 1262 exequiae
1289 1181 1337 1244 illi

58 1285 188 1350 debitae
211 1285 431 1368 impendatur,
465 1285 709 1348 universitatem
741 1288 883 1346 vestram
915 1304 973 1365 per
1005 1285 1188 1368 apostolica,
1216 1288 1338 1370 scripta

36 1431 38 1434 ·
57 1413 226 1457 monemus
240 1391 395 1455 attentius
410 1396 442 1454 et
457 1389 662 1471 mandamus,
678 1389 832 1470 quatinus
847 1391 1081 1473 praescriptam
1096 1392 1227 1457 domum
1239 1393 1338 1457 divini

58 1500 177 1563 amoris
200 1498 321 1560 intuitu
345 1503 378 1560 et
397 1496 437 1561 ob
459 1497 649 1588 memoriam
668 1495 811 1559 eiusdem
835 1496 1070 1580 archiepiscopi
1092 1497 1242 1564 habeatis
1266 1522 1337 1583 spe-

59 1604 184 1668 cialiter
198 1603 456 1669 commendatam
473 1624 531 1667 nec
547 1624 644 1686 super
657 1584 883 1685 repetitionem
898 1605 1092 1686 praescripti
1107 1607 1250 1688 corporis
1265 1628 1337 1671 eam

58 1709 233 1793 aliquando
253 1710 397 1792 fatigetis
417 1710 467 1774 vel
492 1709 552 1773 ab⁰
576 1710 659 1790 aliis,
685 1715 842 1792 quantum
864 1709 899 1772 in
922 1709 1012 1775 vobis
1037 1717 1095 1792 est,
1119 1712 1338 1794 permittatis(l

59 1818 263 1899 aliquatenus
286 1815 431 1897 fatigari,
466 1816 594 1897 scituri,
629 1815 715 1897 quod
738 1816 895 1899 injustum
919 1822 981 1896 est,
1015 1822 1052 1880 ut
1075 1819 1143 1881 eius
1168 1817 1337 1901 dispositio

61 1923 265 2005 infringatur,
290 1923 345 2004 qui
368 1922 455 2005 apud
478 1923 715 2006 praescriptum
734 1923 967 1986 monasterium
985 1923 1162 2007 hospitium
1186 1925 1248 1989 sibi
1272 1931 1336 1990 sta-

60 2031 122 2094 tuit
145 2027 417 2113 praeparandum,
442 2049 515 2092 cum
539 2028 637 2092 nichil
661 2031 712 2109 sit,
741 2029 828 2110 quod
856 2029 993 2112 amplius
1017 2030 1201 2094 hominibus
1221 2031 1338 2096 debea-

60 2145 122 2219 tur,
149 2157 248 2218 quam
270 2141 308 2199 ut
330 2155 500 2218 supremae
524 2126 701 2199 voluntatis
724 2134 807 2199 liber
831 2136 874 2200 sit
896 2136 1000 2218 stilus,
1030 2143 1062 2200 et
1088 2136 1222 2213 licitum,
1251 2138 1338 2219 quod

59 2244 182 2308 iustum
207 2241 377 2306 arbitrium
400 2262 464 2306 non
483 2240 612 2305 redibit.
659 2240 781 2304 Datum
804 2240 960 2306 Laterani
984 2242 1038 2306 ΙΠ
1061 2241 1138 2306 Idus
1162 2241 1247 2306 Iulii.

57 2635 146 2702 274.
169 2637 333 2696 Alexander
354 2637 407 2695 ΙΙΙ
419 2637 533 2695 Albcrto
557 2637 706 2713 qnondam
728 2638 940 2714 orobiepnscopo
956 2638 1171 2714 Solabarpensc',
1191 2659 1236 2716 op.
1260 2640 1337 2699 sedis

173 2745 271 2820 Iapeto,
294 2744 393 2802 ciram
416 2743 562 2819 qnondam
583 2743 774 2812 commendat,
798 2745 847 2802 oui
868 2745 1035 2804 intonatum
1058 2746 1092 2804 ob
1114 2765 1246 2805 messan
1265 2767 1335 2823 poe-

171 2869 245 2910 nam
261 2869 319 2928 pro
341 2850 416 2908 aritae
438 2849 502 2907 cites
524 2849 627 2907 morito
650 2848 777 2908 relucorc‘
799 2851 885 2925 cupit.

167 2970 236 3042 Reg.
255 2969 335 3024 Alex.
354 2968 452 3040 fragm.
471 2985 514 3039 ep.
534 2968 578 3036 39,
595 2968 625 3021 in
643 2967 703 3022 cod.
717 2967 785 3023 Coll.
798 2968 1176 3042 Trinitat.Oantabrig.R.9.
1190 2973 1230 3025 17.

575 3075 596 3111 s.
615 3056 728 3111 x11fol.
749 3057 820 3111 121b¹

149 3219 287 3284 Alberto
310 3217 472 3300 quondam
496 3215 725 3297 Salzburgensi
748 3217 999 3301 archiepiscopo,
1032 3219 1229 3301 apostolicae
1253 3220 1338 3284 sedis
1359 3233 1452 3293 1178.

58 3326 196 3408 legato.1
240 3323 305 3389 Pro
336 3325 494 3388 varietate
524 3344 736 3406 personarum
760 3323 1016 3406 delinquentium
1040 3331 1072 3389 et
1094 3324 1219 3391 fervore
1249 3328 1338 3409 peni-

59 3432 161 3513 tendi,
185 3429 439 3495 satisfactionem
462 3429 638 3513 temperari
662 3435 695 3493 et
716 3430 841 3494 intendi
864 3431 962 3494 etiam
991 3452 1130 3496 canones
1157 3433 1337 3498 voluerunt.
1420 3448 1422 3453 '

60 3538 162 3603 Recte
186 3538 306 3602 etenim
338 3537 421 3600 sicut
453 3537 609 3619 scriptum
642 3542 692 3599 est
721 3536 830 3600 valent
855 3543 1003 3619 pastores
1027 3539 1161 3603 ecclesie
1188 3541 1338 3621 mitigare

60 3644 109 3707 illi
130 3665 260 3727 penam,
285 3664 384 3725 quam
402 3644 530 3723 meruit,
557 3644 613 3725 qui
632 3665 696 3708 non
715 3642 845 3706 erubuit
863 3642 1009 3708 confiteri
1029 3644 1116 3726 quod
1134 3644 1220 3709 fecit.
1257 3645 1338 3709 Inde

62 3750 224 3833 estquod
249 3750 387 3814 latorem
419 3751 617 3833 presentium
650 3750 808 3813 veraciter
837 3750 920 3812 sicut
948 3749 1107 3814 credimus
1140 3753 1337 3834 penitentem

62 3857 193 3922 caritati
217 3861 271 3921 tue
294 3856 534 3937 committimus,
558 3877 617 3940 per
640 3855 820 3939 apostolica
848 3855 969 3938 scripta
996 3856 1202 3939 mandantes,
1232 3859 1337 3940 quati·

61 3986 120 4028 nus
145 3961 325 4028 secundum
347 3961 433 4044 quod
461 3963 583 4025 iustum
613 3961 731 4025 videris
756 3967 788 4026 et
812 3961 909 4025 saluti
933 3962 1001 4026 eius
1025 3964 1152 4027 noveris
1176 3963 1336 4047 expedire,

62 4069 317 4134 satisfactionem
340 4091 399 4150 pro
422 4068 608 4132 excessibus
640 4069 707 4131 suis
730 4068 908 4130 iniunctam
936 4072 1096 4151 temperes
1124 4070 1192 4133 vice
1215 4076 1336 4150 nostra,

61 4183 222 4260 quantum
245 4176 441 4240 conscientia
464 4181 521 4239 tua
544 4180 577 4238 et
601 4175 801 4239 conversatio
825 4173 894 4237 eius
919 4175 1058 4237 suaserit
1080 4176 1265 4258 temperari.

151 4397 164 4422 ⁸
182 4394 209 4441 et
225 4409 246 4442 c.
317 4387 381 4440 bria
398 4395 483 4454 carpsi
497 4409 542 4453 pro
561 4406 640 4453 quum
659 4393 711 4439 cod.
789 4389 849 4437 ⁰ab
868 4391 929 4437 decet
947 4393 972 4437 in
990 4393 1042 4439 cod.
1119 4386 1298 4453 “permutatis
1316 4410 1335 4441 o.

153 4514 163 4544 ¹
189 4512 235 4568 De
260 4511 313 4567 hoc
339 4510 433 4567 confer
458 4511 531 4567 Jaffe
558 4511 626 4582 Reg.
654 4511 725 4565 8524
755 4515 783 4564 et
814 4509 920 4564 Reuter
952 4508 1050 4564 Gesch.
1083 4509 1255 4565 Alexanders
1280 4510 1336 4563 III.

60 4604 91 4657 T.
110 4601 169 4657 ΠΙ.
189 4602 250 4656 315.
