<?xml version="1.0" encoding="UTF-8"?>
<!DOCTYPE html PUBLIC "-//W3C//DTD XHTML 1.0 Transitional//EN"
    "http://www.w3.org/TR/xhtml1/DTD/xhtml1-transitional.dtd">
<html xmlns="http://www.w3.org/1999/xhtml" xml:lang="en" lang="en">
 <head>
  <title>
</title>
<meta http-equiv="Content-Type" content="text/html;charset=utf-8" />
  <meta name='ocr-system' content='tesseract 3.04.00' />
  <meta name='ocr-capabilities' content='ocr_page ocr_carea ocr_par ocr_line ocrx_word'/>
</head>
<body>
  <div class='ocr_page' id='page_1' title='image "./epistolaepontif00popegoog/epistolaepontif00popegoog_0222.png"; bbox 0 0 3098 5056; ppageno 0'>
   <div class='ocr_carea' id='block_1_1' title="bbox 459 253 1343 322">
    <p class='ocr_par' dir='ltr' id='par_1_1' title="bbox 459 253 1343 322">
     <span class='ocr_line' id='line_1_1' title="bbox 459 253 1343 322; baseline -0.001 -4"><span class='ocrx_word' id='word_1_1' title='bbox 459 267 649 319; x_wconf 60' lang='lat' dir='ltr'>Acaunum</span> <span class='ocrx_word' id='word_1_2' title='bbox 667 279 704 319; x_wconf 91' lang='lat'>111</span> <span class='ocrx_word' id='word_1_3' title='bbox 722 253 889 322; x_wconf 64' lang='lat' dir='ltr'>inmerente</span> <span class='ocrx_word' id='word_1_4' title='bbox 907 269 960 322; x_wconf 88' lang='grc'>344</span> <span class='ocrx_word' id='word_1_5' title='bbox 1279 256 1343 318; x_wconf 81' lang='grc'>205</span> 
     </span>
    </p>
   </div>
   <div class='ocr_carea' id='block_1_2' title="bbox 64 424 1523 1771">
    <p class='ocr_par' dir='ltr' id='par_1_2' title="bbox 64 424 1523 831">
     <span class='ocr_line' id='line_1_2' title="bbox 66 424 1515 513; baseline 0.003 -23"><span class='ocrx_word' id='word_1_6' title='bbox 66 427 179 509; x_wconf 85' lang='lat' dir='ltr'>tingit,</span> <span class='ocrx_word' id='word_1_7' title='bbox 211 447 381 509; x_wconf 88' lang='lat' dir='ltr'>personas,</span> <span class='ocrx_word' id='word_1_8' title='bbox 415 447 496 508; x_wconf 89' lang='lat' dir='ltr'>quas</span> <span class='ocrx_word' id='word_1_9' title='bbox 524 425 622 489; x_wconf 90' lang='lat' dir='ltr'>iidem</span> <span class='ocrx_word' id='word_1_10' title='bbox 648 424 767 489; x_wconf 86' lang='lat' dir='ltr'>fratres</span> <span class='ocrx_word' id='word_1_11' title='bbox 790 427 832 490; x_wconf 88' lang='lat' dir='ltr'>ad</span> <span class='ocrx_word' id='word_1_12' title='bbox 856 428 985 493; x_wconf 89' lang='lat' dir='ltr'>easdem</span> <span class='ocrx_word' id='word_1_13' title='bbox 1008 428 1099 494; x_wconf 83' lang='lat' dir='ltr'>vobis</span> <span class='ocrx_word' id='word_1_14' title='bbox 1122 429 1515 513; x_wconf 82' lang='lat' dir='ltr'>praesentant,1171-81</span> 
     </span>
     <span class='ocr_line' id='line_1_3' title="bbox 67 518 1489 618; baseline 0.003 -20"><span class='ocrx_word' id='word_1_15' title='bbox 67 555 202 598; x_wconf 81' lang='lat' dir='ltr'>causam</span> <span class='ocrx_word' id='word_1_16' title='bbox 233 532 358 596; x_wconf 88' lang='lat' dir='ltr'>nullam</span> <span class='ocrx_word' id='word_1_17' title='bbox 388 531 617 596; x_wconf 73' lang='lat' dir='ltr'>rationabilem</span> <span class='ocrx_word' id='word_1_18' title='bbox 650 539 862 615; x_wconf 88' lang='lat' dir='ltr'>opponentes,</span> <span class='ocrx_word' id='word_1_19' title='bbox 896 535 1070 599; x_wconf 89' lang='lat' dir='ltr'>retardatis</span> <span class='ocrx_word' id='word_1_20' title='bbox 1094 535 1276 618; x_wconf 78' lang='lat' dir='ltr'>admittere,</span> <span class='ocrx_word' id='word_1_21' title='bbox 1308 543 1345 602; x_wconf 90' lang='lat' dir='ltr'>ut</span> <span class='ocrx_word' id='word_1_22' title='bbox 1383 518 1448 578; x_wconf 67' lang='lat' dir='ltr'><strong>Iun·</strong></span> <span class='ocrx_word' id='word_1_23' title='bbox 1462 521 1489 579; x_wconf 87' lang='lat'>3·</span> 
     </span>
     <span class='ocr_line' id='line_1_4' title="bbox 65 621 1523 725; baseline 0.004 -22"><span class='ocrx_word' id='word_1_24' title='bbox 65 640 214 722; x_wconf 83' lang='lat' dir='ltr'>ipsarum</span> <span class='ocrx_word' id='word_1_25' title='bbox 237 644 411 721; x_wconf 88' lang='lat' dir='ltr'>proventus</span> <span class='ocrx_word' id='word_1_26' title='bbox 434 639 468 701; x_wconf 93' lang='lat' dir='ltr'>in</span> <span class='ocrx_word' id='word_1_27' title='bbox 491 660 569 702; x_wconf 88' lang='lat' dir='ltr'>usus</span> <span class='ocrx_word' id='word_1_28' title='bbox 593 640 741 722; x_wconf 90' lang='lat' dir='ltr'>proprios</span> <span class='ocrx_word' id='word_1_29' title='bbox 765 642 970 705; x_wconf 83' lang='lat' dir='ltr'>convertatis</span> <span class='ocrx_word' id='word_1_30' title='bbox 1016 641 1111 706; x_wconf 88' lang='lat' dir='ltr'>Unde</span> <span class='ocrx_word' id='word_1_31' title='bbox 1130 644 1293 725; x_wconf 89' lang='lat' dir='ltr'>quoniam,</span> <span class='ocrx_word' id='word_1_32' title='bbox 1318 646 1345 708; x_wconf 91' lang='lat' dir='ltr'>si</span> <span class='ocrx_word' id='word_1_33' title='bbox 1521 621 1523 627; x_wconf 28' lang='grc' dir='ltr'>Ι</span> 
     </span>
     <span class='ocr_line' id='line_1_5' title="bbox 64 745 1344 831; baseline 0.003 -22"><span class='ocrx_word' id='word_1_34' title='bbox 64 767 180 810; x_wconf 77' lang='lat' dir='ltr'>rerum</span> <span class='ocrx_word' id='word_1_35' title='bbox 204 752 254 810; x_wconf 88' lang='lat' dir='ltr'>est</span> <span class='ocrx_word' id='word_1_36' title='bbox 277 745 363 827; x_wconf 92' lang='lat' dir='ltr'>quod</span> <span class='ocrx_word' id='word_1_37' title='bbox 386 745 553 825; x_wconf 88' lang='lat' dir='ltr'>asseritur,</span> <span class='ocrx_word' id='word_1_38' title='bbox 578 745 668 809; x_wconf 88' lang='lat' dir='ltr'>vobis</span> <span class='ocrx_word' id='word_1_39' title='bbox 693 746 823 828; x_wconf 89' lang='lat' dir='ltr'>expedit</span> <span class='ocrx_word' id='word_1_40' title='bbox 840 745 1024 811; x_wconf 92' lang='lat' dir='ltr'>huiusmodi</span> <span class='ocrx_word' id='word_1_41' title='bbox 1043 747 1169 811; x_wconf 88' lang='lat' dir='ltr'>lucrum</span> <span class='ocrx_word' id='word_1_42' title='bbox 1187 748 1344 831; x_wconf 82' lang='lat' dir='ltr'>refugere,</span> 
     </span>
    </p>

    <p class='ocr_par' dir='ltr' id='par_1_3' title="bbox 66 851 1346 935">
     <span class='ocr_line' id='line_1_6' title="bbox 66 851 1346 935; baseline 0.002 -18"><span class='ocrx_word' id='word_1_43' title='bbox 66 853 155 934; x_wconf 92' lang='lat' dir='ltr'>quod</span> <span class='ocrx_word' id='word_1_44' title='bbox 178 853 218 916; x_wconf 92' lang='lat' dir='ltr'>de</span> <span class='ocrx_word' id='word_1_45' title='bbox 242 852 351 915; x_wconf 89' lang='lat' dir='ltr'>radice</span> <span class='ocrx_word' id='word_1_46' title='bbox 373 851 502 915; x_wconf 80' lang='lat' dir='ltr'>ridetur</span> <span class='ocrx_word' id='word_1_47' title='bbox 534 852 690 915; x_wconf 83' lang='lat' dir='ltr'>avaritiae</span> <span class='ocrx_word' id='word_1_48' title='bbox 718 853 902 935; x_wconf 84' lang='lat' dir='ltr'>provenire,</span> <span class='ocrx_word' id='word_1_49' title='bbox 931 855 1175 918; x_wconf 90' lang='lat' dir='ltr'>universitatem</span> <span class='ocrx_word' id='word_1_50' title='bbox 1204 861 1346 920; x_wconf 87' lang='lat' dir='ltr'>vestram</span> 
     </span>
    </p>

    <p class='ocr_par' dir='ltr' id='par_1_4' title="bbox 65 958 1345 1252">
     <span class='ocr_line' id='line_1_7' title="bbox 65 958 1345 1043; baseline 0.004 -21"><span class='ocrx_word' id='word_1_51' title='bbox 65 980 124 1042; x_wconf 88' lang='lat' dir='ltr'>per</span> <span class='ocrx_word' id='word_1_52' title='bbox 148 958 328 1042; x_wconf 92' lang='lat' dir='ltr'>apostolica</span> <span class='ocrx_word' id='word_1_53' title='bbox 360 959 481 1040; x_wconf 88' lang='lat' dir='ltr'>scripta</span> <span class='ocrx_word' id='word_1_54' title='bbox 514 979 681 1023; x_wconf 91' lang='lat' dir='ltr'>monemus</span> <span class='ocrx_word' id='word_1_55' title='bbox 705 959 861 1022; x_wconf 87' lang='lat' dir='ltr'>attentius</span> <span class='ocrx_word' id='word_1_56' title='bbox 887 966 919 1023; x_wconf 90' lang='lat' dir='ltr'>et</span> <span class='ocrx_word' id='word_1_57' title='bbox 945 959 1151 1041; x_wconf 79' lang='lat' dir='ltr'>mandamuS,</span> <span class='ocrx_word' id='word_1_58' title='bbox 1185 969 1345 1043; x_wconf 87' lang='lat' dir='ltr'>quatenus</span> 
     </span>
     <span class='ocr_line' id='line_1_8' title="bbox 65 1063 1344 1152; baseline 0.002 -22"><span class='ocrx_word' id='word_1_59' title='bbox 65 1087 234 1150; x_wconf 77' lang='lat' dir='ltr'>personae,</span> <span class='ocrx_word' id='word_1_60' title='bbox 266 1085 346 1146; x_wconf 90' lang='lat' dir='ltr'>quas</span> <span class='ocrx_word' id='word_1_61' title='bbox 370 1064 608 1146; x_wconf 90' lang='lat' dir='ltr'>praenominati</span> <span class='ocrx_word' id='word_1_62' title='bbox 637 1063 754 1128; x_wconf 88' lang='lat' dir='ltr'>fratres</span> <span class='ocrx_word' id='word_1_63' title='bbox 782 1065 824 1128; x_wconf 87' lang='lat' dir='ltr'>ad</span> <span class='ocrx_word' id='word_1_64' title='bbox 848 1065 1047 1147; x_wconf 87' lang='lat' dir='ltr'>praelibatas</span> <span class='ocrx_word' id='word_1_65' title='bbox 1076 1067 1228 1132; x_wconf 88' lang='lat' dir='ltr'>ecclesias</span> <span class='ocrx_word' id='word_1_66' title='bbox 1252 1090 1344 1152; x_wconf 88' lang='lat' dir='ltr'>prae-</span> 
     </span>
     <span class='ocr_line' id='line_1_9' title="bbox 66 1169 1344 1252; baseline 0.002 -15"><span class='ocrx_word' id='word_1_67' title='bbox 66 1172 278 1251; x_wconf 85' lang='lat' dir='ltr'>sentaverint,</span> <span class='ocrx_word' id='word_1_68' title='bbox 301 1172 364 1235; x_wconf 91' lang='lat' dir='ltr'>nisi</span> <span class='ocrx_word' id='word_1_69' title='bbox 388 1170 512 1252; x_wconf 89' lang='lat' dir='ltr'>ahquid</span> <span class='ocrx_word' id='word_1_70' title='bbox 535 1171 568 1233; x_wconf 90' lang='lat' dir='ltr'>in</span> <span class='ocrx_word' id='word_1_71' title='bbox 593 1171 639 1234; x_wconf 90' lang='lat' dir='ltr'>eis</span> <span class='ocrx_word' id='word_1_72' title='bbox 663 1169 775 1251; x_wconf 89' lang='lat' dir='ltr'>fuerit,</span> <span class='ocrx_word' id='word_1_73' title='bbox 800 1170 886 1252; x_wconf 89' lang='lat' dir='ltr'>quod</span> <span class='ocrx_word' id='word_1_74' title='bbox 914 1172 1088 1236; x_wconf 83' lang='lat' dir='ltr'>canonicae</span> <span class='ocrx_word' id='word_1_75' title='bbox 1116 1174 1225 1238; x_wconf 84' lang='lat' dir='ltr'>obviet</span> <span class='ocrx_word' id='word_1_76' title='bbox 1247 1175 1344 1240; x_wconf 92' lang='lat' dir='ltr'>hone-</span> 
     </span>
    </p>

    <p class='ocr_par' dir='ltr' id='par_1_5' title="bbox 66 1275 1344 1361">
     <span class='ocr_line' id='line_1_10' title="bbox 66 1275 1344 1361; baseline 0 -17"><span class='ocrx_word' id='word_1_77' title='bbox 66 1280 171 1361; x_wconf 66' lang='lat' dir='ltr'>statie,</span> <span class='ocrx_word' id='word_1_78' title='bbox 196 1278 341 1360; x_wconf 88' lang='lat' dir='ltr'>recipere</span> <span class='ocrx_word' id='word_1_79' title='bbox 364 1277 548 1341; x_wconf 87' lang='lat' dir='ltr'>nullatenus</span> <span class='ocrx_word' id='word_1_80' title='bbox 573 1277 742 1341; x_wconf 85' lang='lat' dir='ltr'>omittatis.</span> <span class='ocrx_word' id='word_1_81' title='bbox 790 1275 883 1358; x_wconf 80' lang='lat' dir='ltr'>Quod</span> <span class='ocrx_word' id='word_1_82' title='bbox 907 1279 934 1340; x_wconf 90' lang='lat' dir='ltr'>si</span> <span class='ocrx_word' id='word_1_83' title='bbox 953 1277 1036 1342; x_wconf 88' lang='lat' dir='ltr'>forte</span> <span class='ocrx_word' id='word_1_84' title='bbox 1059 1280 1220 1345; x_wconf 88' lang='lat' dir='ltr'>malitiose</span> <span class='ocrx_word' id='word_1_85' title='bbox 1244 1281 1344 1344; x_wconf 87' lang='lat' dir='ltr'>distu-</span> 
     </span>
    </p>

    <p class='ocr_par' dir='ltr' id='par_1_6' title="bbox 65 1383 1344 1467">
     <span class='ocr_line' id='line_1_11' title="bbox 65 1383 1344 1467; baseline 0.001 -16"><span class='ocrx_word' id='word_1_86' title='bbox 65 1387 181 1467; x_wconf 85' lang='lat' dir='ltr'>leritis,</span> <span class='ocrx_word' id='word_1_87' title='bbox 205 1384 353 1449; x_wconf 85' lang='lat' dir='ltr'>volumus</span> <span class='ocrx_word' id='word_1_88' title='bbox 377 1388 409 1447; x_wconf 88' lang='lat' dir='ltr'>et</span> <span class='ocrx_word' id='word_1_89' title='bbox 432 1383 635 1465; x_wconf 86' lang='lat' dir='ltr'>mandamus,</span> <span class='ocrx_word' id='word_1_90' title='bbox 660 1389 697 1447; x_wconf 90' lang='lat' dir='ltr'>ut</span> <span class='ocrx_word' id='word_1_91' title='bbox 715 1389 889 1467; x_wconf 83' lang='lat' dir='ltr'>proventus</span> <span class='ocrx_word' id='word_1_92' title='bbox 909 1384 1094 1467; x_wconf 83' lang='lat' dir='ltr'>earundem,</span> <span class='ocrx_word' id='word_1_93' title='bbox 1119 1387 1216 1450; x_wconf 84' lang='lat' dir='ltr'>salvis</span> <span class='ocrx_word' id='word_1_94' title='bbox 1235 1408 1344 1452; x_wconf 88' lang='lat' dir='ltr'>neces-</span> 
     </span>
    </p>

    <p class='ocr_par' dir='ltr' id='par_1_7' title="bbox 66 1489 1344 1574">
     <span class='ocr_line' id='line_1_12' title="bbox 66 1489 1344 1574; baseline 0 -16"><span class='ocrx_word' id='word_1_95' title='bbox 66 1494 160 1558; x_wconf 84' lang='lat' dir='ltr'>sariis</span> <span class='ocrx_word' id='word_1_96' title='bbox 186 1492 346 1573; x_wconf 83' lang='lat' dir='ltr'>expensis,</span> <span class='ocrx_word' id='word_1_97' title='bbox 371 1512 391 1554; x_wconf 86' lang='lat' dir='ltr'>a</span> <span class='ocrx_word' id='word_1_98' title='bbox 413 1490 583 1573; x_wconf 87' lang='lat' dir='ltr'>personis.</span> <span class='ocrx_word' id='word_1_99' title='bbox 601 1539 651 1552; x_wconf 91' lang='lat'>...</span> <span class='ocrx_word' id='word_1_100' title='bbox 670 1490 697 1553; x_wconf 56' lang='grc' dir='ltr'>,ὓ</span> <span class='ocrx_word' id='word_1_101' title='bbox 719 1489 857 1553; x_wconf 87' lang='lat' dir='ltr'>fratrum</span> <span class='ocrx_word' id='word_1_102' title='bbox 881 1491 1014 1554; x_wconf 87' lang='lat' dir='ltr'>consilio</span> <span class='ocrx_word' id='word_1_103' title='bbox 1038 1493 1151 1574; x_wconf 89' lang='lat' dir='ltr'>positis</span> <span class='ocrx_word' id='word_1_104' title='bbox 1174 1495 1344 1558; x_wconf 88' lang='lat' dir='ltr'>instituen-</span> 
     </span>
    </p>

    <p class='ocr_par' dir='ltr' id='par_1_8' title="bbox 66 1579 1345 1681">
     <span class='ocr_line' id='line_1_13' title="bbox 66 1579 1345 1681; baseline 0 -17"><span class='ocrx_word' id='word_1_105' title='bbox 66 1600 182 1664; x_wconf 91' lang='lat' dir='ltr'>dorum</span> <span class='ocrx_word' id='word_1_106' title='bbox 214 1596 476 1681; x_wconf 86' lang='lat' dir='ltr'>presbyterorum</span> <span class='ocrx_word' id='word_1_107' title='bbox 513 1579 626 1660; x_wconf 92' lang='lat' dir='ltr'>usibus</span> <span class='ocrx_word' id='word_1_108' title='bbox 660 1602 875 1660; x_wconf 77' lang='lat' dir='ltr'>reserventur,</span> <span class='ocrx_word' id='word_1_109' title='bbox 930 1598 1054 1662; x_wconf 87' lang='lat' dir='ltr'>Datum</span> <span class='ocrx_word' id='word_1_110' title='bbox 1086 1598 1261 1663; x_wconf 81' lang='lat' dir='ltr'>Tusculani</span> <span class='ocrx_word' id='word_1_111' title='bbox 1291 1598 1345 1666; x_wconf 87' lang='lat' dir='ltr'>HI</span> 
     </span>
    </p>

    <p class='ocr_par' dir='ltr' id='par_1_9' title="bbox 65 1703 296 1771">
     <span class='ocr_line' id='line_1_14' title="bbox 65 1703 296 1771; baseline -0.004 -3"><span class='ocrx_word' id='word_1_112' title='bbox 65 1705 177 1771; x_wconf 89' lang='lat' dir='ltr'>Nonas</span> <span class='ocrx_word' id='word_1_113' title='bbox 200 1703 296 1768; x_wconf 91' lang='lat' dir='ltr'>Iunii.</span> 
     </span>
    </p>
   </div>
   <div class='ocr_carea' id='block_1_3' title="bbox 66 1910 1343 2308">
    <p class='ocr_par' dir='ltr' id='par_1_10' title="bbox 66 1910 1343 2308">
     <span class='ocr_line' id='line_1_15' title="bbox 66 1910 1343 2015; baseline 0.002 -17"><span class='ocrx_word' id='word_1_114' title='bbox 66 1939 155 2005; x_wconf 83' lang='lat'>344.</span> <span class='ocrx_word' id='word_1_115' title='bbox 180 1941 345 1999; x_wconf 75' lang='lat' dir='ltr'>Aleaander</span> <span class='ocrx_word' id='word_1_116' title='bbox 367 1939 417 1998; x_wconf 85' lang='lat' dir='ltr'>HI</span> <span class='ocrx_word' id='word_1_117' title='bbox 438 1938 601 1998; x_wconf 74' lang='lat' dir='ltr'>Senormnei</span> <span class='ocrx_word' id='word_1_118' title='bbox 623 1940 836 2015; x_wconf 76' lang='lat' dir='ltr'>archiepiscopo</span> <span class='ocrx_word' id='word_1_119' title='bbox 859 1941 994 2013; x_wconf 71' lang='lat' dir='ltr'>inundat,</span> <span class='ocrx_word' id='word_1_120' title='bbox 1008 1910 1113 2014; x_wconf 50' lang='grc' dir='ltr'>ὠνεῖ,</span> <span class='ocrx_word' id='word_1_121' title='bbox 1142 1948 1175 2001; x_wconf 80' lang='lat' dir='ltr'>al</span> <span class='ocrx_word' id='word_1_122' title='bbox 1197 1942 1343 2002; x_wconf 73' lang='lat' dir='ltr'>orchidia</span> 
     </span>
     <span class='ocr_line' id='line_1_16' title="bbox 177 2046 1144 2121; baseline 0 -15"><span class='ocrx_word' id='word_1_123' title='bbox 177 2065 250 2106; x_wconf 80' lang='lat' dir='ltr'>cono</span> <span class='ocrx_word' id='word_1_124' title='bbox 272 2047 414 2105; x_wconf 79' lang='lat' dir='ltr'>Meldeosr&#39;</span> <span class='ocrx_word' id='word_1_125' title='bbox 436 2047 469 2105; x_wconf 80' lang='lat' dir='ltr'>dc</span> <span class='ocrx_word' id='word_1_126' title='bbox 490 2047 583 2105; x_wconf 71' lang='lat' dir='ltr'>illotis</span> <span class='ocrx_word' id='word_1_127' title='bbox 604 2046 731 2104; x_wconf 66' lang='lat' dir='ltr'>iniectis</span> <span class='ocrx_word' id='word_1_128' title='bbox 753 2047 874 2105; x_wconf 68' lang='lat' dir='ltr'>irc-strela</span> <span class='ocrx_word' id='word_1_129' title='bbox 897 2047 1072 2121; x_wconf 67' lang='lat' dir='ltr'>collidentur,</span> <span class='ocrx_word' id='word_1_130' title='bbox 1096 2055 1144 2106; x_wconf 84' lang='lat' dir='ltr'>cet.</span> 
     </span>
     <span class='ocr_line' id='line_1_17' title="bbox 172 2164 1235 2237; baseline 0.002 -17"><span class='ocrx_word' id='word_1_131' title='bbox 172 2166 241 2236; x_wconf 86' lang='lat' dir='ltr'>Reg.</span> <span class='ocrx_word' id='word_1_132' title='bbox 261 2164 341 2219; x_wconf 87' lang='lat' dir='ltr'>Alex.</span> <span class='ocrx_word' id='word_1_133' title='bbox 359 2165 456 2235; x_wconf 86' lang='lat' dir='ltr'>fragm.</span> <span class='ocrx_word' id='word_1_134' title='bbox 476 2181 519 2235; x_wconf 86' lang='lat' dir='ltr'>ep.</span> <span class='ocrx_word' id='word_1_135' title='bbox 539 2166 582 2232; x_wconf 82' lang='lat'>65,</span> <span class='ocrx_word' id='word_1_136' title='bbox 601 2165 631 2218; x_wconf 93' lang='lat' dir='ltr'>in</span> <span class='ocrx_word' id='word_1_137' title='bbox 649 2164 709 2219; x_wconf 87' lang='lat' dir='ltr'>cod.</span> <span class='ocrx_word' id='word_1_138' title='bbox 722 2164 1235 2237; x_wconf 78' lang='lat' dir='ltr'>Coll.Trinitat.Oantabrig.B.9.17.</span> 
     </span>
     <span class='ocr_line' id='line_1_18' title="bbox 575 2252 830 2308; baseline 0 -1"><span class='ocrx_word' id='word_1_139' title='bbox 575 2271 596 2308; x_wconf 88' lang='lat' dir='ltr'>s.</span> <span class='ocrx_word' id='word_1_140' title='bbox 615 2267 671 2307; x_wconf 82' lang='grc' dir='ltr'>ΧΠ.</span> <span class='ocrx_word' id='word_1_141' title='bbox 690 2253 737 2307; x_wconf 87' lang='lat' dir='ltr'>fol.</span> <span class='ocrx_word' id='word_1_142' title='bbox 758 2252 830 2307; x_wconf 70' lang='lat' dir='ltr'>128b.</span> 
     </span>
    </p>
   </div>
   <div class='ocr_carea' id='block_1_4' title="bbox 153 2393 1528 2479">
    <p class='ocr_par' dir='ltr' id='par_1_11' title="bbox 153 2393 1528 2479">
     <span class='ocr_line' id='line_1_19' title="bbox 153 2393 1528 2479; baseline 0.009 -17"><span class='ocrx_word' id='word_1_143' title='bbox 153 2396 332 2462; x_wconf 84' lang='lat' dir='ltr'>Senouensi</span> <span class='ocrx_word' id='word_1_144' title='bbox 364 2396 633 2479; x_wconf 59' lang='lat' dir='ltr'>archiepiscopos</span> <span class='ocrx_word' id='word_1_145' title='bbox 680 2393 840 2476; x_wconf 81' lang='lat' dir='ltr'>Quoniam</span> <span class='ocrx_word' id='word_1_146' title='bbox 873 2395 1010 2460; x_wconf 90' lang='lat' dir='ltr'>dilectus</span> <span class='ocrx_word' id='word_1_147' title='bbox 1041 2395 1127 2461; x_wconf 90' lang='lat' dir='ltr'>filius</span> <span class='ocrx_word' id='word_1_148' title='bbox 1159 2404 1270 2462; x_wconf 88' lang='lat' dir='ltr'>noster</span> <span class='ocrx_word' id='word_1_149' title='bbox 1300 2398 1340 2462; x_wconf 85' lang='lat' dir='ltr'>R.</span> <span class='ocrx_word' id='word_1_150' title='bbox 1362 2413 1528 2479; x_wconf 86' lang='lat'>1178-81.</span> 
     </span>
    </p>
   </div>
   <div class='ocr_carea' id='block_1_5' title="bbox 60 2501 1343 4392">
    <p class='ocr_par' dir='ltr' id='par_1_12' title="bbox 60 2501 1343 4392">
     <span class='ocr_line' id='line_1_20' title="bbox 64 2501 1342 2569; baseline -0.002 0"><span class='ocrx_word' id='word_1_151' title='bbox 64 2503 240 2569; x_wconf 86' lang='lat' dir='ltr'>Meldensie</span> <span class='ocrx_word' id='word_1_152' title='bbox 265 2501 511 2567; x_wconf 87' lang='lat' dir='ltr'>archidiaconus</span> <span class='ocrx_word' id='word_1_153' title='bbox 536 2502 690 2566; x_wconf 84' lang='lat' dir='ltr'>adversus</span> <span class='ocrx_word' id='word_1_154' title='bbox 709 2502 927 2566; x_wconf 84' lang='lat' dir='ltr'>venerabilem</span> <span class='ocrx_word' id='word_1_155' title='bbox 946 2503 1079 2567; x_wconf 88' lang='lat' dir='ltr'>fratrem</span> <span class='ocrx_word' id='word_1_156' title='bbox 1097 2509 1244 2569; x_wconf 90' lang='lat' dir='ltr'>nostrum</span> <span class='ocrx_word' id='word_1_157' title='bbox 1262 2505 1342 2569; x_wconf 89' lang='lat' dir='ltr'>Mel-</span> 
     </span>
     <span class='ocr_line' id='line_1_21' title="bbox 65 2607 1342 2691; baseline 0 -17"><span class='ocrx_word' id='word_1_158' title='bbox 65 2611 198 2675; x_wconf 88' lang='lat' dir='ltr'>densem</span> <span class='ocrx_word' id='word_1_159' title='bbox 223 2609 439 2691; x_wconf 66' lang='lat' dir='ltr'>episcopumf,</span> <span class='ocrx_word' id='word_1_160' title='bbox 464 2615 641 2689; x_wconf 89' lang='lat' dir='ltr'>cantorem,</span> <span class='ocrx_word' id='word_1_161' title='bbox 665 2607 800 2672; x_wconf 87' lang='lat' dir='ltr'>fratrem</span> <span class='ocrx_word' id='word_1_162' title='bbox 820 2610 888 2673; x_wconf 87' lang='lat' dir='ltr'>eius</span> <span class='ocrx_word' id='word_1_163' title='bbox 908 2608 1118 2691; x_wconf 81' lang='lat' dir='ltr'>Teobaldum,</span> <span class='ocrx_word' id='word_1_164' title='bbox 1142 2611 1278 2675; x_wconf 92' lang='lat' dir='ltr'>militem</span> <span class='ocrx_word' id='word_1_165' title='bbox 1302 2611 1342 2674; x_wconf 87' lang='lat' dir='ltr'>de</span> 
     </span>
     <span class='ocr_line' id='line_1_22' title="bbox 65 2715 1343 2800; baseline -0.001 -19"><span class='ocrx_word' id='word_1_166' title='bbox 65 2717 225 2800; x_wconf 77' lang='lat' dir='ltr'>Crispeio,</span> <span class='ocrx_word' id='word_1_167' title='bbox 258 2716 378 2778; x_wconf 90' lang='lat' dir='ltr'>multas</span> <span class='ocrx_word' id='word_1_168' title='bbox 405 2716 556 2797; x_wconf 88' lang='lat' dir='ltr'>querelas</span> <span class='ocrx_word' id='word_1_169' title='bbox 585 2716 750 2797; x_wconf 89' lang='lat' dir='ltr'>proponit,</span> <span class='ocrx_word' id='word_1_170' title='bbox 785 2715 966 2797; x_wconf 89' lang='lat' dir='ltr'>dequibus</span> <span class='ocrx_word' id='word_1_171' title='bbox 995 2716 1057 2780; x_wconf 90' lang='lat' dir='ltr'>sibi</span> <span class='ocrx_word' id='word_1_172' title='bbox 1085 2737 1105 2780; x_wconf 87' lang='lat' dir='ltr'>a</span> <span class='ocrx_word' id='word_1_173' title='bbox 1132 2717 1225 2782; x_wconf 90' lang='lat' dir='ltr'>nobis</span> <span class='ocrx_word' id='word_1_174' title='bbox 1249 2718 1343 2800; x_wconf 89' lang='lat' dir='ltr'>petiit</span> 
     </span>
     <span class='ocr_line' id='line_1_23' title="bbox 63 2821 1342 2902; baseline 0 -15"><span class='ocrx_word' id='word_1_175' title='bbox 63 2823 229 2887; x_wconf 85' lang='lat' dir='ltr'>iusticiam</span> <span class='ocrx_word' id='word_1_176' title='bbox 261 2822 399 2902; x_wconf 86' lang='lat' dir='ltr'>exiberi,</span> <span class='ocrx_word' id='word_1_177' title='bbox 436 2843 495 2885; x_wconf 88' lang='lat' dir='ltr'>nos</span> <span class='ocrx_word' id='word_1_178' title='bbox 528 2821 632 2885; x_wconf 91' lang='lat' dir='ltr'>eidem</span> <span class='ocrx_word' id='word_1_179' title='bbox 670 2821 897 2887; x_wconf 87' lang='lat' dir='ltr'>archidiacono</span> <span class='ocrx_word' id='word_1_180' title='bbox 933 2822 1081 2887; x_wconf 91' lang='lat' dir='ltr'>nolentes</span> <span class='ocrx_word' id='word_1_181' title='bbox 1117 2823 1150 2886; x_wconf 91' lang='lat' dir='ltr'>in</span> <span class='ocrx_word' id='word_1_182' title='bbox 1183 2845 1241 2888; x_wconf 91' lang='lat' dir='ltr'>suo</span> <span class='ocrx_word' id='word_1_183' title='bbox 1273 2824 1342 2887; x_wconf 89' lang='lat' dir='ltr'>iure</span> 
     </span>
     <span class='ocr_line' id='line_1_24' title="bbox 63 2928 1342 3012; baseline 0 -19"><span class='ocrx_word' id='word_1_184' title='bbox 63 2931 187 3011; x_wconf 89' lang='lat' dir='ltr'>deesse,</span> <span class='ocrx_word' id='word_1_185' title='bbox 212 2928 412 2992; x_wconf 84' lang='lat' dir='ltr'>fraternitati</span> <span class='ocrx_word' id='word_1_186' title='bbox 434 2933 489 2991; x_wconf 92' lang='lat' dir='ltr'>tue</span> <span class='ocrx_word' id='word_1_187' title='bbox 513 2948 573 3011; x_wconf 92' lang='lat' dir='ltr'>per</span> <span class='ocrx_word' id='word_1_188' title='bbox 596 2929 775 3010; x_wconf 86' lang='lat' dir='ltr'>apostolica</span> <span class='ocrx_word' id='word_1_189' title='bbox 794 2930 917 3012; x_wconf 89' lang='lat' dir='ltr'>scripta</span> <span class='ocrx_word' id='word_1_190' title='bbox 934 2930 1126 2993; x_wconf 89' lang='lat' dir='ltr'>mandamus</span> <span class='ocrx_word' id='word_1_191' title='bbox 1150 2934 1248 3011; x_wconf 88' lang='lat' dir='ltr'>atque</span> <span class='ocrx_word' id='word_1_192' title='bbox 1271 2950 1342 3012; x_wconf 88' lang='lat' dir='ltr'>pre-</span> 
     </span>
     <span class='ocr_line' id='line_1_25' title="bbox 63 3033 1342 3119; baseline -0.001 -20"><span class='ocrx_word' id='word_1_193' title='bbox 63 3037 216 3119; x_wconf 74' lang='lat' dir='ltr'>cipimuS,</span> <span class='ocrx_word' id='word_1_194' title='bbox 250 3039 409 3116; x_wconf 90' lang='lat' dir='ltr'>quatenus</span> <span class='ocrx_word' id='word_1_195' title='bbox 442 3033 587 3116; x_wconf 88' lang='lat' dir='ltr'>prefatas</span> <span class='ocrx_word' id='word_1_196' title='bbox 615 3055 771 3118; x_wconf 86' lang='lat' dir='ltr'>personas</span> <span class='ocrx_word' id='word_1_197' title='bbox 794 3042 972 3100; x_wconf 88' lang='lat' dir='ltr'>memorato</span> <span class='ocrx_word' id='word_1_198' title='bbox 996 3034 1223 3100; x_wconf 88' lang='lat' dir='ltr'>archidiacono</span> <span class='ocrx_word' id='word_1_199' title='bbox 1250 3036 1342 3099; x_wconf 87' lang='lat' dir='ltr'>illata</span> 
     </span>
     <span class='ocr_line' id='line_1_26' title="bbox 62 3138 1342 3225; baseline 0 -18"><span class='ocrx_word' id='word_1_200' title='bbox 62 3142 208 3225; x_wconf 87' lang='lat' dir='ltr'>dampna</span> <span class='ocrx_word' id='word_1_201' title='bbox 229 3141 387 3205; x_wconf 88' lang='lat' dir='ltr'>resarcire</span> <span class='ocrx_word' id='word_1_202' title='bbox 412 3145 444 3204; x_wconf 92' lang='lat' dir='ltr'>et</span> <span class='ocrx_word' id='word_1_203' title='bbox 467 3138 508 3203; x_wconf 93' lang='lat' dir='ltr'>de</span> <span class='ocrx_word' id='word_1_204' title='bbox 533 3140 634 3203; x_wconf 89' lang='lat' dir='ltr'>illatis</span> <span class='ocrx_word' id='word_1_205' title='bbox 653 3141 780 3204; x_wconf 89' lang='lat' dir='ltr'>iniuriis</span> <span class='ocrx_word' id='word_1_206' title='bbox 800 3163 938 3224; x_wconf 83' lang='lat' dir='ltr'>congrue</span> <span class='ocrx_word' id='word_1_207' title='bbox 958 3141 1145 3205; x_wconf 81' lang='lat' dir='ltr'>satisfacere</span> <span class='ocrx_word' id='word_1_208' title='bbox 1163 3142 1214 3205; x_wconf 89' lang='lat' dir='ltr'>vel</span> <span class='ocrx_word' id='word_1_209' title='bbox 1233 3162 1342 3207; x_wconf 87' lang='lat' dir='ltr'>coram</span> 
     </span>
     <span class='ocr_line' id='line_1_27' title="bbox 61 3246 1340 3331; baseline -0.002 -18"><span class='ocrx_word' id='word_1_210' title='bbox 61 3255 92 3313; x_wconf 88' lang='lat' dir='ltr'>te</span> <span class='ocrx_word' id='word_1_211' title='bbox 115 3247 283 3312; x_wconf 88' lang='lat' dir='ltr'>iusticiam</span> <span class='ocrx_word' id='word_1_212' title='bbox 314 3246 443 3311; x_wconf 85' lang='lat' dir='ltr'>exibere</span> <span class='ocrx_word' id='word_1_213' title='bbox 478 3246 634 3310; x_wconf 90' lang='lat' dir='ltr'>dilatione</span> <span class='ocrx_word' id='word_1_214' title='bbox 668 3254 701 3310; x_wconf 91' lang='lat' dir='ltr'>et</span> <span class='ocrx_word' id='word_1_215' title='bbox 733 3248 951 3331; x_wconf 88' lang='lat' dir='ltr'>appellatione</span> <span class='ocrx_word' id='word_1_216' title='bbox 981 3252 1128 3311; x_wconf 84' lang='lat' dir='ltr'>cessante</span> <span class='ocrx_word' id='word_1_217' title='bbox 1156 3247 1340 3330; x_wconf 88' lang='lat' dir='ltr'>compellas.</span> 
     </span>
     <span class='ocr_line' id='line_1_28' title="bbox 60 3352 1341 3436; baseline 0 -18"><span class='ocrx_word' id='word_1_218' title='bbox 60 3354 127 3420; x_wconf 84' lang='lat' dir='ltr'>Eos</span> <span class='ocrx_word' id='word_1_219' title='bbox 153 3359 273 3435; x_wconf 88' lang='lat' dir='ltr'>autem,</span> <span class='ocrx_word' id='word_1_220' title='bbox 298 3374 379 3435; x_wconf 90' lang='lat' dir='ltr'>quos</span> <span class='ocrx_word' id='word_1_221' title='bbox 401 3353 464 3416; x_wconf 89' lang='lat' dir='ltr'>tibi</span> <span class='ocrx_word' id='word_1_222' title='bbox 488 3352 575 3416; x_wconf 92' lang='lat' dir='ltr'>idem</span> <span class='ocrx_word' id='word_1_223' title='bbox 599 3352 846 3418; x_wconf 87' lang='lat' dir='ltr'>archidiaconus</span> <span class='ocrx_word' id='word_1_224' title='bbox 864 3355 1088 3434; x_wconf 83' lang='lat' dir='ltr'>nominaverit,</span> <span class='ocrx_word' id='word_1_225' title='bbox 1113 3374 1245 3418; x_wconf 87' lang='lat' dir='ltr'>moneas</span> <span class='ocrx_word' id='word_1_226' title='bbox 1268 3375 1341 3436; x_wconf 95' lang='lat' dir='ltr'>pro-</span> 
     </span>
     <span class='ocr_line' id='line_1_29' title="bbox 60 3459 1340 3544; baseline 0 -19"><span class='ocrx_word' id='word_1_227' title='bbox 60 3461 196 3544; x_wconf 88' lang='lat' dir='ltr'>pensius</span> <span class='ocrx_word' id='word_1_228' title='bbox 220 3465 253 3524; x_wconf 91' lang='lat' dir='ltr'>et</span> <span class='ocrx_word' id='word_1_229' title='bbox 275 3459 420 3540; x_wconf 90' lang='lat' dir='ltr'>inducas,</span> <span class='ocrx_word' id='word_1_230' title='bbox 444 3464 481 3522; x_wconf 93' lang='lat' dir='ltr'>ut</span> <span class='ocrx_word' id='word_1_231' title='bbox 505 3480 615 3523; x_wconf 91' lang='lat' dir='ltr'>amore</span> <span class='ocrx_word' id='word_1_232' title='bbox 638 3461 765 3523; x_wconf 90' lang='lat' dir='ltr'>iusticie</span> <span class='ocrx_word' id='word_1_233' title='bbox 790 3482 899 3525; x_wconf 88' lang='lat' dir='ltr'>coram</span> <span class='ocrx_word' id='word_1_234' title='bbox 920 3469 953 3524; x_wconf 93' lang='lat' dir='ltr'>te</span> <span class='ocrx_word' id='word_1_235' title='bbox 976 3459 1170 3544; x_wconf 89' lang='lat' dir='ltr'>perhibeant</span> <span class='ocrx_word' id='word_1_236' title='bbox 1196 3461 1340 3525; x_wconf 89' lang='lat' dir='ltr'>testimo-</span> 
     </span>
     <span class='ocr_line' id='line_1_30' title="bbox 60 3564 1341 3648; baseline 0 -18"><span class='ocrx_word' id='word_1_237' title='bbox 60 3569 152 3630; x_wconf 90' lang='lat' dir='ltr'>nium</span> <span class='ocrx_word' id='word_1_238' title='bbox 180 3565 321 3630; x_wconf 88' lang='lat' dir='ltr'>veritati.</span> <span class='ocrx_word' id='word_1_239' title='bbox 368 3564 402 3629; x_wconf 85' lang='lat' dir='ltr'>Si</span> <span class='ocrx_word' id='word_1_240' title='bbox 435 3572 545 3629; x_wconf 91' lang='lat' dir='ltr'>autem</span> <span class='ocrx_word' id='word_1_241' title='bbox 576 3587 635 3648; x_wconf 89' lang='lat' dir='ltr'>pro</span> <span class='ocrx_word' id='word_1_242' title='bbox 667 3565 775 3630; x_wconf 80' lang='lat' dir='ltr'>favore</span> <span class='ocrx_word' id='word_1_243' title='bbox 808 3567 858 3630; x_wconf 86' lang='lat' dir='ltr'>vel</span> <span class='ocrx_word' id='word_1_244' title='bbox 891 3588 1000 3631; x_wconf 91' lang='lat' dir='ltr'>amore</span> <span class='ocrx_word' id='word_1_245' title='bbox 1032 3567 1202 3629; x_wconf 85' lang='lat' dir='ltr'>veritatem</span> <span class='ocrx_word' id='word_1_246' title='bbox 1236 3566 1341 3630; x_wconf 90' lang='lat' dir='ltr'>dicere</span> 
     </span>
     <span class='ocr_line' id='line_1_31' title="bbox 60 3670 1339 3755; baseline -0.002 -18"><span class='ocrx_word' id='word_1_247' title='bbox 60 3673 237 3754; x_wconf 88' lang='lat' dir='ltr'>noluerint,</span> <span class='ocrx_word' id='word_1_248' title='bbox 259 3673 348 3755; x_wconf 91' lang='lat' dir='ltr'>ipsos</span> <span class='ocrx_word' id='word_1_249' title='bbox 372 3672 413 3736; x_wconf 86' lang='lat' dir='ltr'>ad</span> <span class='ocrx_word' id='word_1_250' title='bbox 437 3693 509 3735; x_wconf 90' lang='lat' dir='ltr'>eam</span> <span class='ocrx_word' id='word_1_251' title='bbox 533 3670 761 3754; x_wconf 89' lang='lat' dir='ltr'>proferendam</span> <span class='ocrx_word' id='word_1_252' title='bbox 784 3694 916 3737; x_wconf 89' lang='lat' dir='ltr'>moneas</span> <span class='ocrx_word' id='word_1_253' title='bbox 945 3678 978 3736; x_wconf 91' lang='lat' dir='ltr'>et</span> <span class='ocrx_word' id='word_1_254' title='bbox 1001 3673 1195 3737; x_wconf 88' lang='lat' dir='ltr'>auctoritate</span> <span class='ocrx_word' id='word_1_255' title='bbox 1218 3678 1339 3754; x_wconf 88' lang='lat' dir='ltr'>nostra,</span> 
     </span>
     <span class='ocr_line' id='line_1_32' title="bbox 61 3778 1340 3863; baseline -0.002 -20"><span class='ocrx_word' id='word_1_256' title='bbox 61 3779 282 3863; x_wconf 88' lang='lat' dir='ltr'>appellatione</span> <span class='ocrx_word' id='word_1_257' title='bbox 296 3779 431 3860; x_wconf 84' lang='lat' dir='ltr'>remota,</span> <span class='ocrx_word' id='word_1_258' title='bbox 448 3778 594 3841; x_wconf 88' lang='lat' dir='ltr'>districte</span> <span class='ocrx_word' id='word_1_259' title='bbox 613 3779 797 3860; x_wconf 85' lang='lat' dir='ltr'>compellas.</span> <span class='ocrx_word' id='word_1_260' title='bbox 834 3778 887 3842; x_wconf 87' lang='lat' dir='ltr'>Ad</span> <span class='ocrx_word' id='word_1_261' title='bbox 905 3779 965 3842; x_wconf 91' lang='lat' dir='ltr'>hec</span> <span class='ocrx_word' id='word_1_262' title='bbox 984 3800 1024 3842; x_wconf 91' lang='lat' dir='ltr'>ex</span> <span class='ocrx_word' id='word_1_263' title='bbox 1042 3779 1220 3842; x_wconf 87' lang='lat' dir='ltr'>assertione</span> <span class='ocrx_word' id='word_1_264' title='bbox 1239 3779 1340 3860; x_wconf 89' lang='lat' dir='ltr'>ipsius</span> 
     </span>
     <span class='ocr_line' id='line_1_33' title="bbox 61 3884 1340 3968; baseline -0.003 -18"><span class='ocrx_word' id='word_1_265' title='bbox 61 3884 283 3951; x_wconf 87' lang='lat' dir='ltr'>archidiaconi</span> <span class='ocrx_word' id='word_1_266' title='bbox 306 3885 505 3968; x_wconf 87' lang='lat' dir='ltr'>accepimus,</span> <span class='ocrx_word' id='word_1_267' title='bbox 530 3884 617 3966; x_wconf 88' lang='lat' dir='ltr'>quod</span> <span class='ocrx_word' id='word_1_268' title='bbox 640 3891 837 3950; x_wconf 87' lang='lat' dir='ltr'>memoratus</span> <span class='ocrx_word' id='word_1_269' title='bbox 862 3886 1029 3967; x_wconf 88' lang='lat' dir='ltr'>episcopus</span> <span class='ocrx_word' id='word_1_270' title='bbox 1059 3905 1133 3968; x_wconf 90' lang='lat' dir='ltr'>sepe</span> <span class='ocrx_word' id='word_1_271' title='bbox 1157 3885 1259 3948; x_wconf 89' lang='lat' dir='ltr'>fatum</span> <span class='ocrx_word' id='word_1_272' title='bbox 1282 3885 1340 3946; x_wconf 92' lang='lat' dir='ltr'>mi·</span> 
     </span>
     <span class='ocr_line' id='line_1_34' title="bbox 60 3990 1339 4074; baseline -0.001 -20"><span class='ocrx_word' id='word_1_273' title='bbox 60 3992 153 4056; x_wconf 91' lang='lat' dir='ltr'>litem</span> <span class='ocrx_word' id='word_1_274' title='bbox 176 3991 219 4056; x_wconf 86' lang='lat' dir='ltr'>ab</span> <span class='ocrx_word' id='word_1_275' title='bbox 243 3992 575 4056; x_wconf 88' lang='lat' dir='ltr'>excommunicatione</span> <span class='ocrx_word' id='word_1_276' title='bbox 599 3996 632 4054; x_wconf 88' lang='lat' dir='ltr'>et</span> <span class='ocrx_word' id='word_1_277' title='bbox 650 3997 771 4055; x_wconf 88' lang='lat' dir='ltr'>terram</span> <span class='ocrx_word' id='word_1_278' title='bbox 795 4012 887 4054; x_wconf 87' lang='lat' dir='ltr'>suam</span> <span class='ocrx_word' id='word_1_279' title='bbox 905 3991 1077 4055; x_wconf 91' lang='lat' dir='ltr'>interdicto</span> <span class='ocrx_word' id='word_1_280' title='bbox 1101 3996 1175 4074; x_wconf 91' lang='lat' dir='ltr'>post</span> <span class='ocrx_word' id='word_1_281' title='bbox 1197 3990 1339 4072; x_wconf 87' lang='lat' dir='ltr'>appella-</span> 
     </span>
     <span class='ocr_line' id='line_1_35' title="bbox 60 4096 1340 4179; baseline -0.001 -19"><span class='ocrx_word' id='word_1_282' title='bbox 60 4099 185 4163; x_wconf 89' lang='lat' dir='ltr'>tionem</span> <span class='ocrx_word' id='word_1_283' title='bbox 217 4097 260 4162; x_wconf 88' lang='lat' dir='ltr'>ad</span> <span class='ocrx_word' id='word_1_284' title='bbox 291 4119 350 4162; x_wconf 94' lang='lat' dir='ltr'>nos</span> <span class='ocrx_word' id='word_1_285' title='bbox 381 4097 502 4161; x_wconf 84' lang='lat' dir='ltr'>factam</span> <span class='ocrx_word' id='word_1_286' title='bbox 537 4097 685 4161; x_wconf 88' lang='lat' dir='ltr'>absolvit.</span> <span class='ocrx_word' id='word_1_287' title='bbox 733 4096 817 4179; x_wconf 81' lang='lat' dir='ltr'>Quia</span> <span class='ocrx_word' id='word_1_288' title='bbox 844 4118 919 4160; x_wconf 87' lang='lat' dir='ltr'>vero</span> <span class='ocrx_word' id='word_1_289' title='bbox 947 4098 994 4161; x_wconf 90' lang='lat' dir='ltr'>rei</span> <span class='ocrx_word' id='word_1_290' title='bbox 1017 4098 1136 4160; x_wconf 80' lang='lat' dir='ltr'>veritas</span> <span class='ocrx_word' id='word_1_291' title='bbox 1159 4096 1252 4160; x_wconf 90' lang='lat' dir='ltr'>nobis</span> <span class='ocrx_word' id='word_1_292' title='bbox 1275 4118 1340 4160; x_wconf 92' lang='lat' dir='ltr'>non</span> 
     </span>
     <span class='ocr_line' id='line_1_36' title="bbox 61 4201 1340 4284; baseline -0.001 -17"><span class='ocrx_word' id='word_1_293' title='bbox 61 4210 192 4269; x_wconf 88' lang='lat' dir='ltr'>constat</span> <span class='ocrx_word' id='word_1_294' title='bbox 215 4209 249 4268; x_wconf 84' lang='lat' dir='ltr'>et</span> <span class='ocrx_word' id='word_1_295' title='bbox 271 4201 376 4268; x_wconf 88' lang='lat' dir='ltr'>officio</span> <span class='ocrx_word' id='word_1_296' title='bbox 399 4210 510 4268; x_wconf 88' lang='lat' dir='ltr'>nostro</span> <span class='ocrx_word' id='word_1_297' title='bbox 536 4204 698 4284; x_wconf 86' lang='lat' dir='ltr'>convenit,</span> <span class='ocrx_word' id='word_1_298' title='bbox 723 4224 771 4283; x_wconf 88' lang='lat' dir='ltr'>ea,</span> <span class='ocrx_word' id='word_1_299' title='bbox 796 4223 858 4284; x_wconf 84' lang='lat' dir='ltr'>que</span> <span class='ocrx_word' id='word_1_300' title='bbox 881 4203 1063 4266; x_wconf 89' lang='lat' dir='ltr'>inordinate</span> <span class='ocrx_word' id='word_1_301' title='bbox 1086 4201 1181 4283; x_wconf 88' lang='lat' dir='ltr'>fiunt,</span> <span class='ocrx_word' id='word_1_302' title='bbox 1206 4202 1340 4284; x_wconf 81' lang='lat' dir='ltr'>provida</span> 
     </span>
     <span class='ocr_line' id='line_1_37' title="bbox 60 4309 1339 4392; baseline -0.002 -19"><span class='ocrx_word' id='word_1_303' title='bbox 60 4311 253 4374; x_wconf 85' lang='lat' dir='ltr'>maturitate</span> <span class='ocrx_word' id='word_1_304' title='bbox 276 4311 447 4392; x_wconf 80' lang='lat' dir='ltr'>corrigere,</span> <span class='ocrx_word' id='word_1_305' title='bbox 472 4310 681 4375; x_wconf 88' lang='lat' dir='ltr'>nihilominus</span> <span class='ocrx_word' id='word_1_306' title='bbox 703 4309 764 4373; x_wconf 92' lang='lat' dir='ltr'>tibi</span> <span class='ocrx_word' id='word_1_307' title='bbox 787 4309 986 4392; x_wconf 85' lang='lat' dir='ltr'>presentium</span> <span class='ocrx_word' id='word_1_308' title='bbox 1015 4309 1207 4373; x_wconf 87' lang='lat' dir='ltr'>auctoritate</span> <span class='ocrx_word' id='word_1_309' title='bbox 1234 4309 1339 4371; x_wconf 90' lang='lat' dir='ltr'>iniun-</span> 
     </span>
    </p>
   </div>
   <div class='ocr_carea' id='block_1_6' title="bbox 151 4488 967 4551">
    <p class='ocr_par' dir='ltr' id='par_1_13' title="bbox 151 4488 967 4551">
     <span class='ocr_line' id='line_1_38' title="bbox 151 4488 967 4551; baseline 0.001 -13"><span class='ocrx_word' id='word_1_310' title='bbox 151 4495 164 4519; x_wconf 81' lang='lat'>⁸</span> <span class='ocrx_word' id='word_1_311' title='bbox 181 4491 319 4540; x_wconf 76' lang='lat' dir='ltr'>honestetis</span> <span class='ocrx_word' id='word_1_312' title='bbox 336 4508 357 4540; x_wconf 88' lang='lat' dir='ltr'>c.</span> <span class='ocrx_word' id='word_1_313' title='bbox 447 4488 459 4521; x_wconf 74' lang='lat'>¹³</span> <span class='ocrx_word' id='word_1_314' title='bbox 478 4494 565 4539; x_wconf 71' lang='lat' dir='ltr'>lucam</span> <span class='ocrx_word' id='word_1_315' title='bbox 582 4494 652 4539; x_wconf 58' lang='lat' dir='ltr'>triam</span> <span class='ocrx_word' id='word_1_316' title='bbox 669 4493 706 4539; x_wconf 83' lang='lat' dir='ltr'>vel</span> <span class='ocrx_word' id='word_1_317' title='bbox 723 4499 822 4551; x_wconf 71' lang='lat' dir='ltr'>quantor</span> <span class='ocrx_word' id='word_1_318' title='bbox 840 4493 967 4539; x_wconf 66' lang='lat' dir='ltr'>embolum.</span> 
     </span>
    </p>
   </div>
   <div class='ocr_carea' id='block_1_7' title="bbox 153 4592 569 4650">
    <p class='ocr_par' dir='ltr' id='par_1_14' title="bbox 153 4592 569 4650">
     <span class='ocr_line' id='line_1_39' title="bbox 153 4592 569 4650; baseline -0.005 0"><span class='ocrx_word' id='word_1_319' title='bbox 153 4595 164 4624; x_wconf 86' lang='lat'><strong>¹</strong></span> <span class='ocrx_word' id='word_1_320' title='bbox 182 4592 315 4650; x_wconf 82' lang='lat' dir='ltr'>Gnidoni.</span> <span class='ocrx_word' id='word_1_321' title='bbox 389 4594 399 4624; x_wconf 83' lang='lat'><strong>²</strong></span> <span class='ocrx_word' id='word_1_322' title='bbox 417 4593 569 4649; x_wconf 83' lang='lat' dir='ltr'>Simonem.</span> 
     </span>
    </p>
   </div>
   <div class='ocr_carea' id='block_1_8' title="bbox 0 0 1554 5056">
    <p class='ocr_par' dir='ltr' id='par_1_15' title="bbox 0 0 1554 5056">
     <span class='ocr_line' id='line_1_40' title="bbox 0 0 1554 5056; baseline 0 2"><span class='ocrx_word' id='word_1_323' title='bbox 0 0 1554 5056; x_wconf 95' lang='lat' dir='ltr'> </span> 
     </span>
    </p>
   </div>
  </div>
 </body>
</html>
