3098 5056
405 271 595 323 Anaxnnmu
613 283 651 323 111
668 270 915 338 111010111257.
935 269 987 324 258
1270 256 1334 318 145

55 432 137 500 257.
161 434 398 504 1000001111]
423 434 670 510 archiepiscopum
698 434 957 509 Rotbomopensem
987 434 1106 510 eiusque
1135 435 1333 510 suffrupaneos

166 541 308 614 matur,
341 547 480 600 moneam
504 540 703 616 parochianos
734 541 891 616 quosdam,
923 546 957 599 at
985 541 1129 617 fratribus
1162 540 1192 599 S.
1220 541 1333 600 Mariae
1433 533 1437 542 ’

166 648 359 707 Proteneibas
382 647 627 706 walaradans

316 765 387 820 Bibl.
407 772 464 820 nat.
480 765 565 819 Paris.
585 783 637 819 ms.
656 765 704 820 lat.
719 765 789 820 9973
808 782 828 819 s.
848 779 908 819 xm
926 765 973 820 fol.
995 765 1065 820 130¹).

142 926 331 993 Alexander
355 927 524 1009 episcopus
549 947 659 989 servus
684 946 849 990 servorum
872 925 935 990 Dei
961 925 1201 990 venerabilibus
1224 925 1331 989 fratri-
1370 925 1453 984 1175

53 1034 115 1099 bus
138 1033 395 1116 Rothomagensi
427 1031 688 1115 archiepiscopo1
721 1039 754 1098 et
786 1032 998 1115 suffraganeis
1031 1033 1099 1096 eius
1132 1031 1270 1096 salutem
1300 1036 1333 1095 et
1349 1015 1472 1074 Mam·

54 1140 268 1232 apostolicam
291 1139 557 1204 benedictionem.
604 1139 708 1203 Decet
729 1161 788 1204 nos
811 1140 897 1203 viros
921 1139 1157 1203 ecclesiasticos
1184 1139 1218 1202 in
1241 1138 1332 1201 iusti·

53 1247 109 1312 tiis
133 1247 201 1311 suis
225 1251 433 1310 manutenere
465 1248 656 1328 propensius
689 1251 723 1310 et
754 1245 862 1311 fovere
894 1266 933 1309 ac
964 1244 1189 1311 malefactores
1222 1265 1333 1310 eorum

55 1353 154 1436 digna
178 1353 456 1418 animadversione
480 1353 606 1435 punire.
651 1352 732 1416 Inde
756 1358 806 1416 est
828 1351 914 1434 quod
941 1350 1075 1416 dilectos
1099 1350 1182 1417 filios
1206 1357 1333 1415 nostros

55 1459 211 1524 abbatem
237 1464 270 1523 et
300 1458 418 1523 fratres
442 1457 474 1523 S.
498 1459 623 1524 Mariae
648 1459 687 1523 de
710 1459 811 1524 Prato
844 1456 1007 1523 affectioni
1039 1464 1166 1522 vestrae
1196 1478 1332 1540 propen-

18 1552 21 1557 ’
56 1567 121 1630 sius
154 1565 430 1646 commendamus,
463 1563 703 1630 fraternitatem
734 1570 877 1629 vestram
908 1586 968 1646 per
999 1565 1178 1648 apostolica
1213 1565 1334 1647 scripta

56 1677 209 1755 rogantes
233 1673 389 1736 attentius
422 1677 455 1736 et
486 1672 695 1754 mandantes,
728 1672 882 1754 quatinus
913 1671 1096 1754 praedictos
1124 1670 1334 1735 abbatemet

56 1777 173 1843 fratres
198 1784 232 1843 et
243 1778 474 1843 monasterium
489 1799 601 1842 eorum
624 1778 724 1842 divini
743 1779 861 1842 amoris
881 1778 1001 1841 intuitu
1025 1782 1058 1842 et
1075 1799 1134 1859 pro
1152 1777 1333 1840 reverentia

56 1885 144 1950 beati
167 1884 259 1948 Petri
283 1889 316 1947 et
338 1889 465 1965 nostra,
497 1884 756 1950 consideratione
773 1880 909 1966 ‘quoque
933 1905 1011 1948 suae
1033 1882 1198 1966 religionis
1222 1888 1255 1946 et
1276 1881 1333 1946 ho-

56 1991 194 2056 nestatis
226 1989 369 2071 diligatis
397 1996 431 2053 et
452 1989 617 2054 honoretis
646 1997 680 2054 et
706 1991 740 2053 in
768 1991 835 2054 suis
863 1991 996 2054 iustitiis
1025 1989 1132 2054 fovere
1160 2009 1198 2052 ac
1220 2009 1332 2051 manu-

56 2104 166 2163 tenere
191 2096 311 2160 curetis
336 2101 377 2176 et,
402 2096 429 2158 si
453 2096 582 2177 quando
607 2096 646 2161 de
668 2096 874 2180 parochianis
898 2097 1013 2160 vestris
1031 2095 1117 2178 apud
1140 2117 1195 2160 ros
1219 2115 1333 2176 quere·

55 2205 120 2269 lam
141 2203 359 2285 deposuerint,
384 2223 438 2267 eos
462 2203 620 2266 moneatis
645 2209 687 2284 et,
712 2204 740 2267 si
763 2224 894 2268 necesse
913 2202 1020 2283 fuerit,
1045 2202 1261 2285 appellatione
1284 2221 1332 2263 re-

56 2317 145 2376 mota
168 2310 370 2374 districtione
394 2308 614 2373 ecclesiastica
638 2310 851 2392 compellatis,
876 2315 914 2373 ut
937 2308 1059 2373 eisdem
1077 2307 1190 2372 abbati
1214 2313 1247 2370 et
1269 2306 1333 2370 fra-

55 2418 161 2481 tribus
186 2416 299 2480 ablata
321 2416 474 2480 universa
501 2417 688 2497 restituant,
722 2416 864 2499 dampna
891 2415 985 2479 data¹¹
1015 2414 1195 2478 resarciant
1221 2419 1279 2477 aut
1300 2413 1334 2476 in

55 2524 243 2608 praesentia
266 2527 376 2586 vestra
398 2521 520 2585 faciant
542 2523 687 2588 iustitiae
711 2523 991 2606 complementum.
1038 2520 1141 2585 Porro
1165 2520 1192 2584 si
1215 2541 1334 2584 memo·

54 2633 118 2695 rati
143 2628 350 2712 parrochiani
377 2628 411 2690 in
435 2627 576 2709 aliquem
607 2629 846 2712 praedictorum
874 2628 1011 2692 fratrum
1038 2627 1196 2692 violentas
1219 2647 1334 2690 manus

53 2737 227 2802 iniecerint
249 2741 283 2799 et
306 2734 348 2798 ad
371 2756 427 2798 vos
452 2735 567 2799 exinde
596 2738 729 2818 querela
760 2734 956 2819 pervenerit,
989 2733 1214 2799 malefactores
1246 2733 1334 2814 ipsos

55 2843 202 2908 accensis
226 2840 369 2905 candelis
393 2840 522 2923 publice
546 2843 763 2925 appellatione
787 2847 934 2906 cessante
964 2841 1256 2905 excommunicatos
1280 2837 1333 2901 de-

55 2949 213 3014 nuntietis
237 2953 269 3011 et
293 2948 377 3011 sicut
400 2951 692 3014 excommunicatos
716 2949 844 3013 faciatis
873 2948 914 3012 ab
943 2946 1091 3012 omnibus
1120 2945 1246 3010 cautius
1270 2944 1334 3008 eri-

55 3057 136 3136 tari,
166 3054 267 3119 donec
290 3075 387 3136 passo
415 3055 568 3119 iniuriam
596 3076 736 3137 congrue
764 3053 967 3119 satisfaciant
991 3059 1024 3118 et
1046 3074 1119 3116 oum
1141 3051 1258 3116 litteris
1281 3071 1333 3114 ve-

57 3162 135 3226 stris
154 3160 333 3243 apostolico
354 3181 388 3224 se
407 3161 593 3243 conspectui
612 3166 866 3243 repraesentent.
909 3158 1031 3224 Datum
1045 3158 1212 3222 Ferentini
1230 3156 1334 3239 pridie

56 3268 136 3332 Idus
159 3267 249 3331 Maii.

57 3501 145 3567 258.
170 3502 333 3562 Alexander
356 3503 407 3560 ΙΙΙ
430 3503 559 3578 alsamo
583 3502 811 3578 Petroqorr'ecnst‘
841 3508 866 3561 et
892 3502 988 3561 obtati
1015 3499 1173 3560 Oormwnsc'
1201 3499 1332 3572 manda,

170 3615 204 3667 at
230 3628 249 3667 a
274 3608 441 3667 Scantiana
468 3608 501 3667 de
526 3609 637 3684 800110
663 3609 841 3667 monasterio
874 3609 903 3668 S.
932 3608 1033 3667 naas
1056 3605 1261 3682 Burdtpnlensi
1287 3605 1333 3663 ab·

171 3716 231 3774 tato
252 3715 370 3774 restitui
391 3715 511 3791 furiant.

313 3833 384 3887 Bibl.
403 3839 460 3886 nat.
479 3832 565 3886 Paris.
586 3846 635 3886 ms.
655 3832 702 3886 lat.
723 3834 807 3887 12751
828 3852 848 3887 s.
868 3847 937 3887 xvn
956 3833 1003 3887 fol.
1023 3833 1083 3887 226.

147 3993 335 4059 Alexander
357 3993 528 4076 episcopus
552 4012 663 4056 servus
689 4013 854 4057 servorum
873 3992 936 4056 Dei
958 3990 1134 4055 venerabili
1157 3988 1250 4053 fratri
1272 3987 1333 4050 Pe·
1373 3996 1456 4054 1175

57 4099 272 4185 tragoricensi
304 4099 476 4181 episcopo²
508 4103 541 4162 et
573 4097 690 4163 dilecto
720 4096 788 4163 filio
816 4097 929 4161 abbati
956 4097 996 4161 de
1019 4095 1164 4161 corona³
1196 4093 1334 4158 salutem
1352 4086 1416 4143 11111·
1430 4086 1480 4142 25·

58 4215 91 4274 et
113 4205 327 4292 apostolicam
350 4203 615 4268 benedictionem.
662 4203 781 4268 Dilecti
804 4202 863 4267 filii
886 4205 989 4268 nostri
1013 4202 1138 4267 abbas4
1160 4206 1193 4264 et
1216 4199 1333 4263 fratres

59 4319 192 4380 sanctae
216 4309 327 4409 Crucis
350 4310 603 4393 Burdegalensis
634 4311 826 4375 transmissa
857 4310 951 4376 nobis
984 4308 1212 4390 conquestione
1244 4326 1333 4370 mon-

148 4498 160 4522 ·
170 4495 277 4556 formae
295 4501 428 4553 carantam
445 4509 473 4540 er
489 4492 569 4541 illata.

150 4595 307 4650 ¹Rotroco.
381 4595 500 4651 ²Petro.
574 4592 731 4648 Β(10101110.
803 4591 979 4649 ⁴Gera1dus.

109 4707 296 4754 hommum,
316 4703 388 4755 aput.
403 4704 469 4746 Pont.
485 4703 549 4744 Rom.
1087 4679 1121 4734 10
