3098 5056
218 265 222 272 ·
274 250 408 304 (mum
425 264 451 304 11
468 264 507 304 nr
525 250 665 303 Hononn
684 262 708 301 11
727 261 895 301 emenonis
916 249 972 302 162.
994 249 1053 302 163.
1074 249 1126 301 164
1295 236 1333 296 81

55 410 139 476 162.
176 414 370 474 0616616611
393 415 706 475 excommunationis
733 415 907 473 6661661616
934 432 953 471 6
980 413 1130 471 66666166
1156 414 1338 472 1111166666

167 522 206 580 iro
230 522 438 581 Thoodcmbrmt
459 524 493 582 do
511 523 677 582 Imhmteort
699 523 828 598 aliosque
846 521 996 597 prolatam
1018 521 1182 596 eonfirnmt.

196 640 269 697 Bibl.
288 647 346 696 nat
365 642 452 697 Paris.
471 659 522 697 mo.
542 643 590 697 lat.
612 643 696 698 16991
717 642 764 696 fol.
784 642 836 695 222
860 659 945 695 manu
964 660 985 696 s.
1005 654 1201 696 XVII-xvim.

146 764 294 830 Oalixtus
318 768 487 850 episcopus
512 789 622 832 servus
647 789 812 832 servorum
836 766 896 830 Dei
921 765 1047 831 dilectis
1075 764 1151 829 filiis
1175 765 1513 842 Tullensis1122÷24

57 872 195 937 66616616
209 874 373 938 canonicis
389 873 528 938 salutem
544 880 577 938 et
596 873 1085 957 apostolicambenedictionem.
1124 872 1215 938 Sicut
1232 879 1338 937 mater
1368 862 1442 922 NOV·
1457 864 1505 922 15·

57 981 198 1045 ecclesia
220 979 354 1046 devotos
378 987 410 1045 et
433 980 620 1046 obedientes
644 979 728 1045 filios
757 980 842 1044 ulnis
866 1001 967 1062 purae
996 980 1142 1044 caritatis
1171 980 1337 1062 amplecti-

56 1094 120 1168 tur,
144 1088 194 1152 ita
217 1086 354 1152 rebelles
378 1093 411 1151 et
430 1094 667 1170 contemptores
688 1087 786 1151 debet
805 1087 979 1152 secundum
999 1087 1147 1169 justitiae
1173 1088 1337 1150 tramitem

56 1195 241 1259 cohercere.
292 1193 512 1259 Sententiam*
534 1196 634 1278 igitur
657 1195 997 1259 excommunicationis
1022 1216 1042 1257 a
1069 1193 1160 1258 vobis
1184 1194 1337 1257 canonice

56 1301 241 1384 prolatamb
263 1300 297 1363 in
314 1300 549 1366 Theodericum
568 1301 608 1367 de
624 1301 845 1382 Imbertcort0,
865 1299 1106 1365 Theodericum
1124 1299 1337 1363 castellanum

57 1416 89 1473 et
112 1406 299 1474 Gerardum
322 1406 424 1472 filium
448 1410 528 1489 eius,
553 1430 761 1491 oppressores
786 1407 941 1472 ecclesiae
964 1414 1106 1487 vestrae,
1135 1428 1194 1470 nec
1216 1429 1281 1471 non
1303 1407 1337 1469 in

57 1515 281 1580 Gislebertum
308 1522 342 1578 et
364 1515 536 1598 complices
564 1517 633 1579 eius
662 1536 765 1598 usque
794 1515 835 1579 ad
866 1514 1057 1597 condignam
1082 1513 1336 1578 satisfactionem

58 1623 96 1687 de
119 1623 243 1705 injuria
261 1621 414 1686 Haimoni
433 1621 661 1687 archidiacono
685 1629 718 1687 et
740 1623 808 1686 eius
829 1622 935 1698 sociis,
960 1623 1015 1703 qui
1034 1622 1068 1684 in
1087 1620 1337 1703 quadragesima

57 1730 144 1812 capti
169 1728 310 1809 fuerunt,
333 1727 427 1792 illata
449 1750 508 1792 nos
537 1729 731 1794 auctoritate
755 1728 840 1792 sedis
869 1728 1067 1810 apostolicae
1096 1725 1334 1792 confirmamus.

56 1836 144 1899 Data
169 1834 326 1899 Laterani
349 1834 413 1898 XV
436 1834 510 1898 Kal.
535 1834 734 1900 Decembris.

55 2123 138 2188 163.
171 2123 326 2182 Honorias
343 2123 380 2182 H
393 2124 705 2183 emonmnonobmioat's
727 2125 902 2183 6661661166
925 2144 944 2182 6
967 2125 1076 2182 alerias
1098 2123 1279 2181 1611666166
1301 2123 1336 2180 ia

169 2249 219 2289 eos
234 2230 395 2306 prolatam,
420 2230 473 2306 qni
495 2231 571 2289 bono
593 2231 724 2289 6661661616
745 2230 938 2306 diripuerant,
962 2231 1126 2306 confirmat.

190 2348 263 2403 Bibl.
281 2354 338 2404 nat.
357 2348 444 2403 Paris.
464 2367 514 2404 ms.
534 2349 582 2404 lat.
604 2350 687 2405 16991
708 2349 754 2404 fol.
775 2350 840 2405 23012
859 2367 944 2404 manu
963 2367 984 2408 6.
1005 2361 1201 2403 nvn-xvm.

144 2508 312 2573 Honorius
336 2509 505 2592 episcopus
527 2531 641 2602 'servus
662 2531 826 2575 servorum
847 2510 908 2573 Dei
933 2510 1059 2573 dilectis
1078 2507 1153 2572 filiis
1173 2507 1335 2572 Γ1111166616
1361 2523 1444 2580 1125

57 2617 215 2681 ecclesiae
239 2615 365 2680 clericis
390 2616 528 2680 salutem
547 2621 580 2680 61
598 2615 810 2698 apostolicam
828 2615 1096 2681 benedictionem.
1135 2614 1226 2680 Sicut
1245 2613 1335 2678 audi·
1354 2611 1417 2671 Oct.
1431 2613 1458 2670 3.

56 2726 172 2804 vimus,
196 2744 253 2788 vos
278 2743 375 2805 super
394 2722 561 2804 quosdam,
587 2723 643 2805 qui
666 2721 751 2787 bona
770 2723 931 2787 Tullensis
950 2723 1107 2787 ecclesiae
1131 2744 1212 2786 ausu
1236 2721 1335 2784 sacri·

55 2831 126 2914 lego
148 2829 361 2913 diripuerant,
380 2829 638 2912 praedecessoris
657 2830 761 2894 nostri
779 2829 880 2894 felicis
900 2831 1075 2895 memoriae
1093 2850 1198 2912 papae
1216 2827 1335 2892 Calixti

55 2942 232 3020 praecepto
265 2936 481 3000 anathematis
515 2935 708 3000 sententiam
741 2937 933 3018 protulistis.
989 2935 1055 3001 Nos
1086 2957 1171 3017 vero,
1205 2934 1335 3016 quoda

54 3045 149 3110 vobis
182 3043 336 3107 canonice
369 3041 491 3107 factum
524 3046 586 3122 est,
620 3047 727 3105 ratum
759 3042 926 3107 habemus.
982 3043 1069 3106 Data
1099 3041 1276 3105 Beneventi
1305 3039 1335 3103 V

54 3151 168 3216 Nonas
193 3147 354 3214 Octobris.

56 3385 143 3450 164.
173 3385 327 3444 Honorius
350 3384 386 3443 Il
402 3384 528 3443 Honm'oo
551 3385 682 3461 episcopo
704 3385 833 3444 16116661
855 3385 986 3455 mundat,
1010 3389 1190 3442 6661666661
1212 3384 1334 3442 Tlreode·
1381 3416 1383 3421 .

168 3492 266 3550 monn
295 3492 329 3550 do
358 3492 524 3551 [moenam
555 3491 674 3567 mosque
705 3491 869 3567 complices,
907 3497 941 3549 61
972 3491 1122 3549 cononicis
1153 3491 1335 3549 lblloasibas

169 3598 266 3657 oblato
288 3598 558 3671 heemanticam,
580 3597 644 3656 6161
665 3616 758 3673 nsque
780 3598 819 3655 od
840 3597 866 3655 d.
892 3596 1045 3655 2916611
1066 3596 1199 3672 fecerint,
1223 3616 1334 3656 666661-

169 3705 321 3763 moom'oorc'
343 3724 391 3764 eos
406 3705 497 3782 jobet.

193 3822 263 3877 Bibl.
282 3827 340 3877 nat.
360 3822 446 3877 Paris.
465 3839 515 3876 me.
535 3822 583 3878 lat.
605 3824 688 3878 16991
709 3823 756 3878 fol.
776 3824 841 3878 230b
860 3839 946 3876 manu
965 3839 986 3875 6.
1006 3835 1201 3876 xvn-xvm.

145 3983 312 4049 Honorius
335 3984 506 4067 episcopus
530 4004 640 4048 servus
664 4005 830 4048 servornm
848 3982 911 4047 Dei
934 3982 1111 4046 venerabili
1134 3980 1228 4046 fratri
1246 3981 1333 4045 Hen-
1381 4001 1466 4061 1126

56 4093 124 4156 rico
148 4090 296 4155 Tullensi
323 4091 474 4173 episcopo
503 4089 641 4154 salutem
669 4096 702 4156 et
730 4089 942 4172 apostolicam
969 4088 1234 4153 benedictionem.
1281 4086 1334 4152 Ad
1352 4091 1438 4148 Mart.
1452 4092 1502 4149 28.

55 4197 118 4263 hoc
141 4197 360 4281 episcopalem
379 4195 567 4261 cathedram
586 4196 648 4260 tibi
667 4197 779 4262 credas
804 4219 824 4260 a
842 4196 912 4260 Deo
936 4195 1036 4260 fuisse
1060 4195 1273 4274 commissam,
1298 4199 1335 4258 ut

56 4304 160 4370 bonos
185 4309 218 4369 et
239 4303 377 4368 humiles
401 4300 538 4387 paterna
562 4303 721 4368 charitate
745 4303 871 4385 diligas,
902 4324 1019 4385 pravos
1044 4308 1151 4365 autem
1175 4299 1334 4364 61161161-

55 4411 104 4476 les
126 4412 217 4475 iusta
243 4410 441 4475 correctione
469 4414 601 4492 satagas
629 4418 786 4475 coercere.
838 4409 997 4492 Quocirca
1030 4408 1228 4472 fraternitati
1258 4413 1334 4471 tuae

146 4598 159 4622 ⁸
176 4590 302 4640 sententia
319 4609 339 4640 6.
411 4589 578 4654 ι’1116161116
650 4593 830 4641 eUnbeltcort
847 4610 866 4640 c.

110 4697 294 4745 munnam,
313 4693 385 4745 epist.
401 4693 466 4735 Pont.
481 4695 546 4737 Rom.
1105 4678 1122 4728 6
