3098 5056
400 269 590 322 Annxmmm
609 281 646 321 111
664 281 831 322 ammonam
850 269 910 323 254.
931 269 982 323 255
1266 256 1327 316 143

59 431 93 496 do
116 435 225 494 cetero
249 435 362 494 contra
385 427 520 492 eandem
539 427 804 493 consuetudinem
823 428 978 510 populum
998 450 1202 511 congregare,
1225 431 1260 492 in
1272 452 1329 494 vos
1349 427 1504 488 1171-72

57 538 142 602 etin
165 537 253 618 ipsos
285 542 418 618 propter
449 533 510 598 hoc
542 534 723 599 authoritas
758 535 936 616 apostolica
963 536 1042 599 dure
1070 542 1103 599 et
1130 557 1243 619 aspere
1264 587 1270 600 .
1293 587 1327 601 ..
1367 515 1496 577 Iun-2⁰·

56 649 232 727 proponat²
256 641 522 706 animadvertere.
569 640 693 704 Datum
716 640 891 705 Tusculani
914 641 983 705 XII
1005 641 1171 707 Kalendas
1194 642 1279 707 Iulii.

55 1056 141 1121 254.
165 1055 329 1114 Aleaamter
357 1055 410 1114 111
435 1054 671 1127 cmtmaetadimes,
709 1073 784 1129 paras
819 1055 911 1114 Terede
943 1055 976 1113 de
1007 1056 1162 1114 Firmitete
1191 1056 1227 1114 iri
1261 1054 1331 1114 uilla

166 1162 387 1236 „Marisiacas“
410 1161 542 1219 babiaerit
564 1166 590 1219 et
611 1160 790 1218 monasterio
812 1159 841 1218 S.
865 1160 1024 1237 Geamesae
1041 1162 1195 1235 remiserit,
1219 1180 1238 1219 a
1260 1179 1330 1237 qao-
1384 1176 1387 1183 ·

167 1287 258 1344 qaam
280 1267 402 1328 exerceri
423 1273 465 1326 cet
485 1274 503 1326 t.

351 1387 468 1458 Autogr.
486 1386 516 1440 in
534 1384 622 1439 tabul.
641 1390 698 1438 nat.
717 1384 802 1439 Paris.
822 1385 854 1439 L.
874 1386 924 1439 231
944 1403 972 1439 n.
991 1386 1033 1440 59.

144 1547 330 1611 Alexander
354 1548 523 1629 episcopus
547 1567 659 1609 servus
683 1566 849 1609 servorum
867 1544 930 1609 Dei
953 1545 1080 1611 dilectis
1104 1546 1179 1610 filiis
1202 1545 1510 1628 Hugoni1173-74

58 1655 171 1719 abbati
202 1659 235 1717 et
261 1653 416 1717 fratribus
450 1658 560 1717 sancte
585 1650 747 1717 Genovefe
780 1651 920 1720 salutem
948 1658 980 1716 et
1003 1653 1215 1736 apostolicam
1237 1652 1334 1716 bene·
1376 1635 1433 1694 lul·
1446 1635 1496 1694 23·

59 1761 242 1826 dictionem.
280 1758 469 1824 Continetur
487 1760 521 1822 in
545 1759 665 1841 scripto
689 1757 839 1840 quodam,
864 1758 950 1840 quod
973 1758 1056 1824 bone
1080 1759 1233 1824 memorie
1246 1757 1334 1822 Hen-

58 1869 165 1952 (ricus)
190 1867 352 1949 quondam
375 1865 577 1931 Francorum
601 1887 657 1929 rex
680 1863 795 1929 fecisse
826 1864 1017 1946 dinoscitur,
1051 1865 1137 1947 quod
1160 1865 1271 1929 'Pendo
1295 1865 1334 1928 de

57 1973 241 2054 Firmitate,
266 1994 328 2055 que
352 1973 533 2056 appellatur
547 1971 666 2053 Urcha,
691 1991 801 2035 coram
824 1970 937 2035 eodem
959 1993 1035 2054 rege
1057 1993 1174 2055 pravas
1203 1992 1335 2036 consue·

57 2081 198 2161 tudineS,
231 2101 312 2162 quas
342 2080 376 2142 in
398 2079 477 2143 villa
500 2079 719 2161 apostolorum
742 2077 833 2141 Petri
857 2083 890 2141 et
912 2077 1008 2141 Pauli
1039 2083 1072 2142 et
1094 2084 1205 2143 sancte
1229 2077 1335 2143 Geno-

57 2187 137 2268 vefe,
167 2207 231 2268 que
258 2186 451 2250 Marisiaous
480 2187 679 2265 nominatur,
713 2183 869 2265 habebat,
904 2184 1039 2248 ecclesie
1062 2191 1168 2252 vestre
1200 2186 1333 2249 remisit.

58 2293 138 2357 lude
162 2300 214 2357 est
236 2293 322 2375 quod
344 2314 403 2356 nos
431 2292 581 2375 precibus
612 2291 729 2354 vestris
756 2289 880 2354 inducti
913 2296 946 2354 et
973 2290 1071 2356 officii
1099 2293 1203 2357 nostri
1226 2291 1334 2356 debito

57 2400 235 2482 provocati,
268 2399 354 2482 quod
387 2398 556 2480 superbis
581 2418 690 2461 coram
722 2397 848 2480 prefato
872 2418 956 2479 ,rege
985 2397 1106 2462 factum
1135 2404 1199 2480 est,
1228 2404 1356 2462 ratum·

57 2505 216 2569 habemus
241 2511 274 2569 et
296 2505 424 2569 firmum
453 2515 485 2568 et
516 2504 549 2567 id
573 2504 768 2568 auctoritate
792 2504 971 2585 apostolica
1001 2504 1227 2570 confirmamus
1234 2555 1242 2586 ,
1275 2504 1335 2568 sub

56 2612 321 2676 interminatione
354 2610 571 2675 anathematis
605 2611 706 2674 artius
738 2609 931 2692 inhibenteS,
965 2632 1005 2675 ne
1038 2611 1110 2693 quis
1133 2612 1167 2674 in
1190 2611 1336 2695 predicta

57 2718 136 2781 villa
159 2717 407 2782 consuetudines
438 2717 521 2798 illas,
555 2738 637 2799 quas
665 2718 821 2798 scriptum
843 2716 964 2798 prefati
986 2719 1070 2800 regis
1095 2718 1231 2782 eundem
1254 2717 1335 2781 Teu-

58 2824 177 2889 donem
190 2825 281 2888 vobis
302 2825 444 2889 continet
466 2824 640 2904 remisisse,
661 2823 781 2886 audeat
799 2843 958 2887 exercere.
995 2823 1084 2888 Nulli
1108 2846 1183 2908 ergo
1208 2824 1336 2890 omnino

56 2930 225 2995 hominum
246 2931 344 2995 liceat
374 2931 458 2994 hanc
490 2931 643 3013 paginam
675 2934 784 2993 nostre
815 2928 1067 2994 confirmationis
1095 2952 1152 2995 seu
1181 2932 1335 2996 constitu-

57 3037 156 3101 tionis
187 3036 362 3120 infringere
389 3036 440 3100 vel
473 3038 503 3101 ei
535 3036 740 3118 aliquatenus
773 3036 943 3100 contraire.
990 3035 1024 3101 Si
1048 3038 1120 3119 quis
1144 3043 1253 3101 autem
1275 3037 1336 3103 hoc

60 3147 258 3224 attemptare
281 3143 524 3226 presumpserit,
548 3127 804 3224 indignationem
832 3143 1061 3224 omnipotentis
1084 3143 1147 3208 Dei
1170 3151 1203 3208 et
1225 3144 1336 3209 beato-

58 3270 133 3312 rum
152 3247 242 3312 Petri
262 3255 295 3312 et
312 3249 406 3313 Pauli
431 3249 651 3332 apostolorum
675 3249 744 3312 eius
769 3269 803 3312 se
820 3249 948 3313 noverit
965 3250 1180 3316 incursurum.
1215 3251 1336 3314 Datum

58 3353 209 3436 Anagnie
232 3354 262 3419 V
284 3355 451 3420 Kalendas
470 3354 620 3438 Augusti.

60 3729 146 3794 255.
170 3730 333 3790 aemma
354 3731 406 3790 ΠΙ
423 3732 565 3808 fratribus
592 3732 834 3791 Clamiamasibas
855 3733 1001 3809 plausum
1023 3734 1083 3806 dat,
1111 3735 1189 3811 qaod
1205 3733 1337 3809 micam

172 3837 206 3896 de
233 3837 357 3896 Caritate
379 3839 556 3914 mapistram
582 3845 608 3898 et
630 3839 760 3898 abbatem
782 3839 922 3914 deperiat.
972 3840 1028 3899 Oai
1050 3846 1083 3898 at
1105 3841 1246 3913 obediant,
1270 3840 1336 3898 bor-

173 3949 258 4002 tatar.

238 4045 453 4116 Autographum
471 4047 500 4101 in
518 4046 584 4101 bibl.
603 4052 660 4101 nat.
679 4046 765 4101 Paris.
785 4064 836 4100 ms.
856 4047 904 4102 lat.
925 4049 1011 4102 16992
1030 4047 1077 4102 fol.
1097 4047 1156 4101 152.

149 4205 337 4270 Alexander
360 4206 529 4289 episeopus
563 4227 673 4270 servus
705 4228 870 4272 servorum
888 4207 950 4272 Dei
977 4208 1103 4272 dilectis
1127 4206 1201 4271 filiis
1217 4257 1248 4271 ..
1272 4209 1336 4289 pri-
1377 4225 1461 4285 1174

61 4313 109 4378 ori
135 4318 168 4376 et
191 4311 346 4377 fratribus
362 4311 627 4377 Oluniacensibus
646 4318 714 4375 tam
737 4314 770 4376 in
797 4315 904 4396 capite
924 4336 1022 4396 quam
1040 4315 1074 4377 in
1097 4313 1239 4377 menbris
1263 4335 1336 4377 oon·
1354 4317 1415 4374 Ian.
1428 4317 1478 4374 24.

61 4419 252 4484 sistentibus
285 4420 423 4484 salutem
456 4425 489 4484 et
521 4418 732 4501 apostolicam
764 4420 1031 4485 benedictionem.
1079 4420 1216 4485 Gratum
1245 4420 1337 4486 nobis

150 4605 162 4629 ¹
180 4610 252 4650 muas
269 4604 312 4649 boc
331 4603 381 4650 loco
400 4610 521 4662 corruptas
539 4610 576 4649 eet.
