3098 5056
472 248 609 304 1166666
628 262 665 303 m
683 263 850 305 nrrsnonan
869 251 920 304 212
1277 239 1338 301 113

64 410 248 476 dictionem.
288 407 448 491 Quoniam
466 407 506 473 de
519 415 578 473 tua
592 409 747 475 electione
767 410 967 476 diversorum
990 433 1045 476 ore
1069 411 1196 477 diversa
1218 414 1338 478 nostris
1389 414 1473 472 1153

65 516 195 581 auribus
219 516 427 598 ingeruntur,
460 520 498 579 ut
529 516 577 580 rei
600 516 720 580 veritas
748 516 841 581 nobis
873 517 1000 601 plenius
1028 518 1207 600 elucescat,
1240 524 1272 584 te
1300 542 1339 585 ae
1356 505 1440 564 Fssbr·
1454 503 1504 562 17·

64 622 282 688 venerabilem
304 621 439 686 fratrem
466 627 613 686 nostrum
637 621 859 708 R(ichardum)
886 623 1121 689 Abrincensem
1151 625 1339 709 episcopum

65 730 102 794 ad
124 728 307 814 apostolice
335 727 420 793 sedis
443 729 642 811 presentiam
670 728 869 804 decrevimus
893 730 1081 795 evocandos.
1135 731 1340 797 Presentium

65 837 172 919 itaque
195 835 258 899 tibi
282 833 518 916 significatione
540 835 747 916 mandamus,
780 836 932 918 quatinus
960 858 1024 900 666
1048 837 1214 920 cumipse
1238 837 1339 903 fratre

65 948 171 1008 nostro
195 941 374 1025 apostolice
397 940 467 1007 sedi
494 943 693 1025 presentiam
716 947 806 1005 tuam
838 964 903 1007 non
936 941 1065 1006 differas
1099 942 1264 1025 exhibere,
1291 952 1338 1026 ut,

66 1049 146 1132 quod
170 1047 248 1113 inde
272 1048 321 1112 rei
343 1048 463 1112 veritas
486 1046 598 1129 habet,
622 1047 763 1131 pleniter
785 1069 978 1131 cognoscere
996 1047 1172 1130 valeamus,
1196 1055 1230 1113 et
1252 1052 1339 1132 quod

66 1155 263 1220 adsalutem
288 1153 422 1218 ecclesie
440 1154 593 1237 pertinet,
619 1153 831 1219 sufficientius
849 1160 1060 1237 pertractare.
1098 1153 1221 1219 Datum
1233 1155 1338 1223 Rome

66 1261 148 1345 apud
171 1259 205 1326 S.
229 1259 365 1325 Petrum
387 1259 475 1324 XIII
496 1259 664 1325 Kalendas
687 1261 809 1325 Martii.

66 1495 140 1561 212.
173 1496 329 1573 1116661166
350 1495 403 1554 III
429 1495 551 1570 Hapoac'
577 1496 789 1573 archiepiscopo
821 1462 984 1556 Scaoacaac'
1019 1502 1045 1556 ct
1076 1497 1172 1556 Alaao
1208 1497 1338 1574 66116666

170 1601 425 1662 Autissiodorcasc'
447 1602 583 1675 mandat,
611 1609 750 1663 maacaat
772 1604 870 1663 Adara
899 1603 932 1662 dc
953 1602 1095 1676 Marcbc'a,
1119 1621 1156 1661 ac
1178 1603 1261 1680 iafra
1284 1610 1337 1663 ter-

170 1709 273 1768 rac'aoc
295 1707 469 1767 morractatc'
490 1707 524 1766 dc
550 1708 676 1768 Caritate
698 1711 847 1769 castellam
869 1715 990 1769 6616661.

224 1826 297 1882 Bibl.
316 1831 373 1881 nat
392 1825 479 1880 Paris.
499 1842 549 1880 ms.
569 1826 617 1882 lat.
638 1828 725 1883 16992
743 1828 789 1883 fol.
811 1830 870 1884 116.
899 1828 1016 1899 Scripsit
1034 1827 1168 1883 Martene.

146 1969 315 2053 Eugenius
339 1969 508 2052 episcopus
528 1989 638 2032 servus
658 1990 823 2034 servorum
841 1969 903 2035 Dei
921 1969 1160 2035 venerabilibus
1179 1969 1334 2033 fratribus
1377 1968 1461 2027 1153

63 2079 213 2162 Hulgoni)
232 2075 410 2142 Senonensi
429 2073 670 2158 archiepiscopo
691 2081 723 2139 61
740 2075 870 2162 Adane)
888 2074 1164 2142 Autissiodorensi
1184 2077 1334 2160 episcopo
1352 2057 1473 2116 Mal15·

63 2184 198 2250 salutem
222 2188 256 2248 61
278 2182 490 2266 apostolicam
513 2180 780 2246 benedictionem.
822 2182 944 2247 Rerum
969 2185 1074 2248 exitus
1101 2182 1260 2246 discretus
1284 2203 1334 2245 sa-

61 2292 215 2373 piensque
239 2290 385 2370 metitus,
413 2287 507 2369 longe
536 2293 612 2351 6616
642 2290 786 2352 venturis
810 2289 903 2353 malis
927 2289 1041 2353 nititur
1064 2289 1206 2369 obviare,
1244 2288 1334 2354 Salo-

61 2397 161 2461 monis
185 2397 363 2460 instructus
390 2394 504 2474 verbo,
539 2394 594 2475 qui
618 2395 677 2458 ait:
716 2394 853 2478 Sapiens
885 2396 996 2460 videns
1028 2395 1150 2460 malum
1182 2394 1333 2476 declinat,

61 2503 178 2567 stultus
201 2507 312 2567 autem
333 2500 478 2565 transilit
497 2498 721 2564 confidenter.1
757 2501 958 2567 Dilectorum
976 2501 1116 2568 filiorum
1139 2506 1333 2583 nostrorum,

61 2608 98 2674 G.
126 2610 246 2693 pri0ris
270 2614 302 2673 61
324 2607 462 2672 fratrum
491 2604 529 2670 de
554 2605 730 2688 Charitate,
759 2609 951 2672 transmissa
978 2629 1081 2690 nuper
1109 2607 1151 2672 ad
1178 2630 1236 2672 nos
1261 2629 1333 2690 sug-

59 2716 203 2797 gestione
227 2715 382 2798 pcrvenit,
407 2711 493 2795 quod
517 2711 624 2777 Adam
648 2713 688 2777 dc
711 2713 858 2778 Marohia
880 2715 914 2778 in
937 2714 1040 2796 burgo
1063 2714 1134 2796 ipso
1162 2713 1333 2779 16116161·-

11 2878 15 2907 ,
59 2823 163 2887 minos
186 2843 207 2885 a
230 2827 362 2886 sanctae
385 2819 619 2885 recordationis
642 2820 794 2885 Paschali
818 2820 1065 2903 praedecessore
1088 2825 1199 2885 nostro
1231 2826 1333 2884 statu-

10 2912 12 2921 *
59 2935 107 2991 166
131 2928 288 3010 grandem
310 2928 521 2992 munitionem
545 2931 659 2991 contra
681 2926 880 2991 voluntatem
902 2927 1046 3009 ipsorum
1073 2932 1258 2991 construere
1286 2928 1333 2990 ni-

10 3012 12 3035 ’
58 3035 152 3114 titur,
186 3033 226 3099 de
258 3054 323 3115 qua
354 3034 417 3117 ipsi
449 3033 646 3098 monasterio
670 3033 846 3097 maximum
869 3032 1023 3096 damnum
1045 3037 1154 3114 661661
1180 3055 1333 3116 processu

58 3141 214 3223 temporis
237 3140 418 3223 provenire.
465 3138 627 3221 Quoniam
650 3139 757 3223 igitur,
783 3160 856 3203 cum
884 3138 925 3202 ad
952 3139 1003 3201 ius
1030 3141 1218 3203 monasterii
1241 3140 1332 3204 locus

58 3247 111 3310 ille
134 3246 307 3329 pertineat,
332 3246 633 3328 6666116116116618
657 3250 841 3328 suspectam
859 3245 906 3308 ibi
924 3245 1134 3309 munitionem
1158 3245 1199 3308 ab
1224 3245 1332 3327 aliquo

59 3353 203 3416 construi
224 3352 353 3416 invitisb
375 3351 532 3416 fratribus
555 3374 620 3416 uon
644 3351 804 3434 permittit
827 3356 869 3432 et,
893 3350 979 3432 quod
999 3350 1041 3415 ad
1060 3350 1213 3414 damnum
1233 3351 1331 3416 eccle-

10 3536 12 3545 ,
59 3459 125 3522 siae
148 3456 211 3522 Dei
234 3464 267 3523 61
290 3457 476 3542 superbiam
508 3459 593 3523 vitae
617 3458 779 3540 pertinere
811 3457 952 3538 videtur,
986 3455 1164 3540 pontificali
1197 3456 1333 3521 debetur

60 3565 165 3629 studio
188 3564 337 3645 inhiberi,
361 3585 420 3647 per
444 3565 629 3647 praesentia
655 3563 747 3628 vobis
780 3565 902 3646 scripta
934 3563 1138 3643 mandamns,
1173 3567 1332 3644 quatenus

61 3693 157 3751 quam
181 3671 275 3735 citius
299 3671 333 3734 in
355 3691 455 3734 unum
480 3671 705 3734 convenientes
729 3669 771 3733 ad
784 3670 892 3734 locum
906 3670 1012 3753 ipsum
1028 3670 1151 3752 pariter
1170 3669 1331 3733 accedatis

61 3784 91 3840 61
111 3777 309 3841 antedictum
328 3776 381 3857 A,
405 3798 446 3841 ne
465 3777 675 3841 munitionem
695 3781 752 3839 661
771 3776 940 3840 castellum
958 3776 1003 3839 ibi
1023 3774 1132 3855 faciat,
1152 3775 1331 3839 districtius

59 3883 225 3948 moneatis.
264 3882 299 3948 Si
318 3903 443 3947 summo
463 3883 634 3966 superbiae
653 3888 749 3947 vento
767 3881 899 3946 inflatus
919 3887 976 3946 aut
993 3881 1112 3963 aliqua,
1132 3903 1230 3962 quam
1248 3881 1331 3946 forte

60 3990 90 4052 16
114 3990 222 4054 animo
246 4011 304 4054 suo
328 3988 479 4071 concipit,
503 3989 629 4052 malitia
652 3989 826 4070 instigatus
844 3990 877 4051 in
903 4010 961 4052 suo
980 3993 1093 4070 666616
1112 3987 1241 4051 duxerit
1258 4008 1329 4069 per-

61 4094 247 4177 sistendum,
270 4097 318 4159 ita
341 4116 414 4159 eum
438 4116 574 4159 censura
598 4095 819 4159 ecclesiastica
843 4094 1063 4178 compescatis,
1083 4099 1120 4157 ut
1145 4094 1260 4157 saltem
1283 4096 1329 4156 16-

60 4203 141 4266 11166
165 4202 207 4266 ab
237 4223 275 4266 66
303 4202 389 4284 quod
417 4201 549 4266 molitur
573 4201 737 4265 abstinere
762 4206 905 4283 cogatur.
952 4198 1074 4262 Datum
1096 4198 1220 4263 Romae
1243 4199 1330 4281 apud

60 4307 89 4371 S.
113 4309 248 4373 Petrum
270 4307 383 4377 Idibus
405 4307 495 4372 Maii.

144 4476 156 4500 ²
173 4475 207 4520 etc
224 4473 292 4533 cod,
309 4489 341 4519 an
358 4470 430 4534 vigor
447 4474 567 4534 1666611666
584 4475 632 4520 cet?
722 4468 735 4499 b
754 4473 845 4520 coarcat
862 4487 889 4516 ca
906 4467 975 4531 16616,
996 4470 1060 4529 qaod
1071 4470 1168 4528 praebet
1185 4470 1237 4517 cod.

146 4576 155 4605 ¹
172 4573 302 4630 Proverb.
323 4575 365 4641 14,
385 4576 426 4629 16.

109 4683 290 4733 noeumane,
305 4682 377 4733 Epist.
392 4682 457 4724 rone.
472 4681 537 4723 som.
1101 4657 1119 4711 8
