3098 5056
456 287 640 342 Ooannsrrm
657 301 694 341 111
712 270 880 341 nrrsronnn
897 287 950 340 413
1277 271 1340 333 257

59 452 244 512 nostrorum
269 447 403 512 consilio
423 452 609 512 sanctorum
629 447 800 529 cathalogo
819 447 1003 511 censuimus
1023 446 1283 528 adscribendum,
1307 448 1340 511 in
1391 444 1475 504 1195

60 554 180 618 octaris
205 553 426 636 apostolorum
440 553 585 637 Philippi
608 554 877 619 etIacobi1eius
901 575 1018 636 corpus
1042 553 1083 617 ab
1108 574 1146 619 eo
1169 553 1250 635 loeo,
1276 576 1339 636 quo
1358 535 1441 594 Febr·
1454 536 1505 596 19·

60 661 200 743 positum
223 659 340 742 fuerat,
365 661 449 724 sicut
464 659 575 724 decet·
599 666 759 742 sanctum,
784 660 994 743 solempniter
1013 660 1093 741 erigi
1108 657 1288 724 faceremus
1307 666 1340 725 et

61 769 125 832 eius
149 767 270 832 festum
294 766 407 833 eodem
432 767 483 831 die
512 768 605 831 annis
635 768 770 849 singulis
795 772 1012 831 statueremus
1036 766 1222 850 specialiter
1249 788 1341 832 exco-

60 873 197 939 lendum.
237 872 317 937 Cum
336 874 435 955 igitur
453 872 586 938 lucerna
610 874 681 937 eius
706 875 753 938 sic
777 876 894 939 arserit
912 873 1070 938 hactenus
1093 873 1127 936 in
1150 872 1211 938 hoc
1234 873 1340 955 mode,

60 980 144 1063 quod
166 1000 226 1064 per
249 978 311 1043 Dei
335 981 483 1061 gratiam
499 981 565 1044 iam
592 1001 658 1045 non
682 980 742 1044 sub
765 980 873 1046 modio
903 980 959 1044 sed
988 1001 1085 1063 super
1109 979 1342 1044 candelabrum

58 1087 212 1151 meruerit
235 1085 387 1150 collocari
410 1087 444 1149 in
468 1107 503 1150 se
527 1086 656 1168 ardens,
680 1109 739 1171 per
762 1108 861 1171 opera
885 1088 1032 1152 caritatis
1056 1086 1167 1151 lucens
1191 1087 1265 1150 aliis
1283 1108 1342 1171 per

57 1192 269 1276 exemplum2,
294 1193 539 1257 universitatem
562 1199 708 1258 vestram
727 1215 896 1260 monemus
915 1200 948 1258 et
966 1193 1135 1259 hortamur
1157 1194 1191 1256 in
1201 1192 1341 1258 Domino

55 1320 112 1382 per
136 1299 317 1382 apostolica
341 1300 463 1382 scripta
485 1299 692 1383 mandantes,
719 1306 880 1383 quatenus
899 1323 973 1365 cum
991 1322 1010 1364 a
1028 1299 1196 1384 praedicto
1220 1299 1341 1365 abbate

54 1411 88 1470 et
109 1405 268 1469 fratribus
301 1404 429 1470 fueritis
461 1401 612 1488 requisiti
648 1407 689 1470 ad
717 1408 783 1472 iam
811 1408 934 1472 dictum
962 1407 1195 1472 monasterium
1218 1407 1342 1490 pariter

54 1511 220 1576 accedatis
253 1517 286 1576 et
318 1533 392 1577 cum
423 1512 544 1577 honore
574 1517 608 1576 et
635 1515 833 1595 reverentia,
868 1536 966 1596 quam
990 1515 1023 1577 in
1046 1513 1168 1577 talibus
1193 1513 1341 1578 adhiberi

52 1624 195 1704 oportet,
221 1638 337 1702 corpus
361 1620 466 1683 sancti
489 1619 549 1682 viri
573 1619 615 1683 ab
641 1640 679 1684 eo
702 1619 783 1703 loco,
808 1621 842 1684 in
866 1642 930 1703 quo
949 1621 1092 1703 positum
1115 1618 1232 1703 fuerat,
1258 1622 1341 1684 sicut

52 1728 150 1792 decet
173 1730 331 1806 sanctum,
357 1725 567 1808 solempniter
590 1726 753 1807 erigentes
781 1726 984 1791 devotionem
1008 1725 1153 1789 fidelium
1177 1726 1219 1790 ad
1245 1748 1340 1791 vene-

51 1835 216 1899 rationem
248 1833 350 1915 ipsius
378 1830 553 1896 salubriter
582 1832 733 1896 excitetis
765 1833 937 1915 ipsumque
970 1831 1149 1897 festivitate
1183 1831 1340 1915 solempni

51 1939 275 2023 pronuncietis
309 1938 487 2003 constituta
520 1937 572 2002 die
606 1939 700 2002 annis
735 1938 869 2020 singulis
902 1938 1089 2022 specialiter
1118 1938 1338 2003 excolendum.

52 2047 179 2111 Datum
192 2045 349 2109 Laterani
362 2043 414 2108 XI
427 2044 502 2108 Kal.
517 2044 643 2125 Martii,
667 2044 878 2127 pontificatus
896 2046 1000 2111 nostri
1020 2067 1105 2110 anno
1126 2045 1249 2128 quinto.

54 2351 136 2416 413.
172 2353 351 2412 dertosanus
374 2350 425 2410 ΙΙΙ
442 2352 477 2410 io
497 2351 683 2426 parthenone
704 2352 935 2428 Locprprutecsi
957 2353 992 2412 ab
1016 2353 1165 2412 Eleoooro
1187 2353 1339 2412 comitissa

168 2459 198 2519 S.
227 2458 367 2528 Quintilli
389 2458 703 2534 fundamentotorum
726 2461 879 2534 ceroptata
901 2479 1039 2518 sororum
1062 2460 1158 2518 moedi
1180 2466 1261 2518 uelut.

321 2575 495 2647 Autograph.
514 2575 544 2629 in
562 2575 653 2630 tabul.
674 2582 732 2631 nat.
751 2577 838 2632 Paris.
858 2579 890 2632 L.
910 2579 961 2634 235
981 2596 1008 2632 n.
1029 2580 1071 2634 13.

143 2738 325 2804 Gelestinus
359 2739 528 2821 episcopus
562 2757 674 2800 servus
711 2758 877 2802 servorum
899 2738 962 2803 Dei
994 2739 1111 2804 dilecte
1144 2741 1178 2802 in
1211 2738 1339 2804 Christo
1377 2749 1461 2808 1196

58 2845 177 2910 filie..
201 2845 356 2928 priorisse
376 2844 569 2927 Longiprati
595 2843 737 2907 salutem
761 2850 794 2908 et
824 2846 1037 2927 apostolicam
1069 2846 1338 2911 benedictionem.
1357 2839 1419 2897 1³11·
1432 2839 1482 2898 29-

59 2952 147 3018 Licet
170 2951 213 3016 ad
236 2972 346 3016 omnes
370 2972 482 3015 curam
508 2955 661 3033 oporteat
685 2950 862 3033 apostolice
886 2952 1077 3034 provisionis
1102 2953 1242 3034 extendi,
1267 2974 1339 3036 per-

10 3052 12 3059 ’
60 3082 151 3125 sonas
174 3065 284 3123 tamen
306 3058 394 3139 illac,
429 3078 491 3140 que
522 3057 638 3120 divinis
668 3063 750 3121 sunt
773 3057 938 3140 obsequiis
969 3058 1123 3143 deputate
1152 3065 1185 3124 et
1207 3065 1341 3143 propter

59 3165 265 3249 fragilitatem
288 3185 384 3229 sexus
408 3185 428 3227 a
450 3184 676 3247 perversorum
705 3184 739 3228 se
762 3186 827 3228 non
841 3171 978 3247 possunt
992 3167 1219 3231 molestatione
1243 3167 1338 3247 tueri,

59 3273 198 3355 quadam
229 3271 432 3354 specialitate
464 3269 648 3354 patrocinio
681 3269 829 3334 volumus
865 3272 1044 3354 apostolico
1082 3272 1265 3354 confovere,
1299 3294 1339 3337 ne

10 3376 12 3407 ³
58 3400 164 3444 rerum
186 3379 379 3460 inquietatio
402 3376 640 3440 mundanarum
665 3382 724 3440 aut
747 3397 802 3441 eos
830 3398 850 3440 a
873 3379 1039 3460 proposito
1062 3385 1192 3444 revocet
1214 3378 1266 3442 vel
1288 3401 1339 3444 ro-

58 3484 124 3568 bur,
146 3483 233 3566 quod
252 3484 347 3565 absit,
368 3505 459 3548 sacre
478 3483 643 3566 religionis
664 3482 831 3565 infringat.
863 3483 948 3548 Sane
969 3506 1008 3549 ex
1026 3490 1084 3549 tua
1104 3485 1340 3567 significatione

57 3591 95 3656 ad
128 3591 329 3656 audientiam
362 3590 565 3673 apostolatus
597 3589 704 3655 nostri
737 3591 897 3672 pervenit,
932 3591 1019 3673 quod
1051 3593 1084 3654 in
1109 3592 1244 3657 cenobio
1272 3598 1338 3673 tu0‚

56 3697 143 3780 quod
166 3697 286 3761 dilecta
309 3698 342 3760 in
366 3696 495 3761 Christo
523 3696 591 3760 filia
613 3701 745 3777 nostra,
779 3697 897 3761 nobilis
920 3697 1037 3762 mulier
1059 3698 1207 3780 Elionor,
1242 3700 1338 3764 comi-

54 3806 138 3869 tissa
160 3804 265 3868 sancti
289 3802 446 3885 Quintini,
479 3805 513 3867 in
543 3803 674 3886 proprio
710 3802 810 3868 fundo
835 3804 902 3867 suis
926 3806 1109 3869 construxit
1133 3807 1282 3889 expensis
1307 3810 1340 3868 et

53 3910 313 3995 possessionibus
338 3910 514 3993 ampliavit,
539 3911 723 3975 monastice
747 3909 912 3991 religionis
941 3911 1019 3976 ordo
1048 3913 1139 3975 iuxta
1162 3911 1338 3974 institutio-

53 4040 129 4083 nem
161 4018 360 4100 (monasterii
389 4018 530 4101 sancteb)
561 4015 665 4080 Marie
696 4015 812 4080 Fontis
839 4016 998 4082 Eboraldi
1031 4019 1074 4082 sit
1102 4024 1135 4082 et
1166 4017 1338 4082 observan-

52 4125 135 4189 tiam
157 4125 342 4202 institutus3
372 4143 413 4186 ne
437 4123 675 4204 sexagesimum
700 4143 871 4186 numerum
893 4123 1050 4189 moniales
1078 4125 1173 4188 ineo
1198 4124 1338 4188 servien-

53 4238 103 4295 tes
128 4230 302 4311 excedant,
336 4229 463 4294 dilectis
490 4229 524 4292 in
547 4227 675 4292 Christo
706 4228 894 4293 filiabus..
924 4229 1094 4295 abbatissa
1123 4238 1156 4295 et
1179 4234 1339 4295 conventu

54 4336 171 4403 Fontis
202 4336 360 4402 Eboraldi
393 4358 487 4400 suum
519 4336 553 4399 in
585 4335 647 4399 hac
679 4339 772 4417 parte
805 4356 975 4400 assensum
1007 4337 1268 4420 impendentibus
1306 4344 1339 4400 et

143 4521 155 4545 ⁸
174 4518 290 4566 decenter
309 4535 328 4565 c.
401 4515 414 4547 b
433 4520 499 4565 Haec
516 4519 587 4566 uerba
604 4519 629 4565 ia
647 4519 794 4576 autographo
810 4533 870 4576 pene
887 4527 1034 4566 eracemum.

144 4622 155 4651 ¹
174 4620 229 4675 Die
246 4620 264 4674 8
282 4637 319 4674 m.
338 4619 415 4674 Maii.
490 4621 500 4650 ²
519 4620 561 4675 of.
579 4618 683 4673 Matth.
704 4619 729 4686 5,
751 4620 783 4672 15
802 4623 830 4673 et
847 4618 933 4674 Marc.
952 4621 979 4687 4,
998 4621 1040 4674 21.

104 4730 291 4779 Lomwmunn,
311 4729 385 4780 Epist.
401 4728 467 4769 Pont.
483 4728 548 4768 Rom.
1091 4712 1123 4763 17
