3098 5056
240 243 300 302 lis
618 254 787 309 Auasrasu
805 269 840 309 1v
862 266 1029 308 arrsronan
1048 253 1099 307 219

116 419 200 477 1154
232 416 281 498 pis
306 415 444 479 salutem
468 421 500 479 et
519 415 730 497 apostolicam
748 414 1014 478 benedictionem.
1052 412 1288 477 Monasterium
1303 409 1416 475 Sancti
1431 410 1509 477 Flo-

110 506 208 565 Maiss·
232 522 337 602 rentii,
363 523 454 604 cujus
479 543 596 603 corpus
619 521 652 584 in
675 521 745 603 ipso
760 520 913 585 coenobio
933 518 1075 583 creditur
1095 539 1166 582 esse
1190 517 1402 598 reconditum,
1428 518 1508 582 dile-

233 629 294 691 'ctis
317 626 392 691 filiis
416 629 549 709 nostris,
578 628 680 710 ipsius
704 626 766 691 loci
789 625 959 707 fratribus,
984 646 1042 688 nes
1067 624 1257 706 suppliciter
1285 624 1507 706 exorantibus

232 734 420 798 facultatem
433 733 606 799 tribuimus
621 733 791 797 dedicandi
809 738 842 797 et
859 732 961 814 ipsius
982 730 1173 796 confessoris
1193 751 1310 813 corpus
1334 731 1368 794 in
1393 752 1508 813 argen-

232 846 286 903 tea
309 861 416 922 capsa,
437 861 520 920 quae
539 844 655 922 parata
674 845 733 920 est,
751 838 918 903 honestius
938 837 1125 903 collocandi.
1158 835 1318 919 Quocirca
1336 857 1395 920 per
1412 859 1509 920 prae-

233 947 337 1011 sentia
360 946 451 1011 vobis
471 947 592 1029 scripta
610 945 753 1028 rogando
772 945 973 1026 mandamus,
998 944 1162 1026 quatinuS,
1182 964 1257 1007 cum
1276 943 1318 1008 ab
1342 944 1422 1026 ipsis
1442 943 1508 1008 fra-

231 1052 336 1117 tribus
361 1073 458 1135 super
480 1052 541 1117 hoc
564 1051 689 1116 fueritis
712 1053 871 1134 requisiti,
890 1051 933 1116 ad
950 1051 1056 1115 locum
1074 1051 1182 1132 ipsum
1199 1052 1323 1133 pariter
1341 1050 1507 1115 accedatis

128 1202 131 1209 ·
232 1165 265 1223 et
287 1164 355 1223 tam
379 1159 533 1249 ecclesiae
556 1180 655 1241 quam
678 1159 776 1223 etiam
795 1158 908 1222 altaris
927 1159 1052 1222 noviter
1071 1157 1247 1221 constructi
1267 1155 1508 1222 dedicationem

232 1265 451 1348 sollempniter
469 1264 597 1329 faciatis
621 1271 719 1347 atque
743 1285 817 1329 ossa
834 1264 992 1348 praedicti
1011 1262 1203 1328 confessoris
1223 1264 1432 1328 veneratione
1452 1263 1506 1328 de-

231 1371 301 1435 bita
332 1372 570 1452 transmutatis,
609 1373 762 1454 quatinus
796 1372 1051 1454 exspectantium
1086 1370 1126 1433 de
1156 1371 1229 1452 ipsa
1261 1371 1507 1435 consecratione

232 1477 358 1543 devotio
390 1499 449 1560 per
479 1499 535 1543 vos
567 1479 705 1541 maxime
737 1478 845 1542 valeat
867 1478 937 1542 Deo
966 1477 1142 1541 auxiliante
1171 1476 1335 1560 compleri.
1382 1474 1507 1540 Datum

231 1583 386 1647 Laterani
409 1582 492 1647 VIII
514 1582 593 1647 Idus
616 1583 706 1648 Maii.

232 1798 312 1864 219.
345 1801 524 1859 Aaostcstas
545 1801 596 1859 IV
613 1802 648 1860 R.
671 1808 697 1860 et
719 1801 753 1860 B.
776 1801 994 1860 archidiaconos
1012 1801 1226 1859 Loaduaeases
1251 1801 1404 1876 astupeant,
1429 1801 1507 1878 quod

230 1956 231 1959 ,
335 1913 548 1981 postmortem
571 1907 696 1982 episcopi
719 1907 794 1966 borco
816 1913 841 1966 et
862 1907 992 1966 redditas
1013 1907 1186 1982 episcopales
1214 1907 1250 1966 ia
1267 1908 1406 1982 propolas
1429 1926 1504 1966 ustis

340 2014 528 2073 movenatur
550 2019 576 2071 et
598 2032 737 2089 capessas
749 2032 806 2088 pro
824 2032 900 2072 aava
922 2013 1054 2072 electione
1077 2013 1170 2090 suctos
1192 2013 1341 2072 restituere
1365 2020 1504 2072 recusent.

396 2132 467 2187 Bibl.
487 2138 544 2187 nat.
563 2132 649 2187 Paris.
668 2132 737 2187 0011.
757 2131 874 2187 Grenier
892 2132 942 2187 267
962 2132 1009 2187 fol.
1028 2123 1178 2187 romanu
1197 2151 1218 2187 s
1238 2146 1339 2188 xvm,

102 2305 185 2364 1154
317 2291 512 2361 Anastasius
540 2292 709 2375 episcopus
737 2313 849 2356 servus
880 2313 1045 2357 servorum
1067 2291 1130 2357 Dei
1155 2293 1282 2357 dilectis
1306 2291 1382 2356 filiis
1406 2291 1446 2356 R.
1472 2298 1505 2356 et

86 2394 146 2452 Mai
158 2394 208 2453 15·
228 2397 266 2461 B.
291 2397 526 2463 archidiaconis
540 2397 766 2462 Laudunensis
791 2398 945 2462 ecclesiae
965 2399 1104 2464 salutem
1123 2405 1156 2463 et
1175 2399 1388 2482 apostolicam
1406 2399 1504 2463 bene·

229 2504 411 2569 dictionem.
458 2504 509 2569 Ex
532 2503 763 2569 Oalcedonensi
787 2505 922 2570 concilio
946 2511 1077 2569 cautum
1101 2526 1172 2570 esse
1191 2505 1442 2587 demonstratur,
1466 2512 1505 2569 ut

229 2611 453 2693 episcoporum
480 2612 589 2693 aliquo
618 2610 792 2675 decedente
821 2610 860 2675 de
888 2611 980 2676 bonis
1009 2612 1238 2677 ecclesiasticis
1269 2611 1350 2674 nihil
1373 2612 1503 2694 penitus

228 2718 448 2799 imminuatur,
469 2717 526 2781 sed
545 2718 653 2782 omnia
671 2716 779 2782 futuro
799 2719 937 2790 antistiti
956 2722 1187 2783 reserventur.l
1214 2718 1264 2782 De
1282 2717 1373 2783 vobis
1393 2724 1502 2782 autem

229 2844 341 2905 nuper,
360 2823 446 2888 unde
460 2825 625 2904 miramur,
646 2825 837 2906 accepimus,
854 2825 950 2906 quod,
965 2824 1069 2890 bonae
1083 2825 1258 2889 memoriae
1278 2822 1379 2909 llll-²
1402 2846 1503 2907 quon-

230 2929 305 2993 dam
329 2929 479 3013 episoopo
506 2936 614 2995 vestro
641 2931 727 2994 viam
750 2931 920 2995 universae
944 2931 1050 2994 carnis
1072 2930 1229 3012 ingresse,
1253 2930 1340 2995 bona
1363 2937 1396 2995 et
1418 2931 1503 2996 redi-

228 3042 281 3100 tus
305 3037 504 3120 episcopales
529 3037 735 3119 accipientes,
760 3036 820 3102 sub
844 3036 979 3101 obtentu
1001 3038 1162 3101 nescimus
1187 3038 1278 3101 cuius
1302 3059 1404 3102 norae
1428 3059 1503 3102 cen-

229 3143 420 3224 suetudinis,
453 3165 492 3208 ea
523 3144 638 3207 vestris
662 3142 774 3207 usibus
798 3143 939 3206 nitimini
962 3143 1126 3227 applicare
1157 3149 1190 3207 et
1217 3165 1389 3226 expensas,
1420 3165 1504 3226 quas

230 3251 375 3315 canonici
398 3251 497 3314 vestri
520 3250 675 3315 veniendo
699 3272 757 3333 pre
781 3249 937 3314 electione
961 3249 1002 3314 ad
1022 3249 1235 3332 apostolicam
1255 3251 1363 3315 sedem
1386 3249 1503 3314 fecisse

230 3362 415 3437 noscuntur,
436 3356 475 3420 de
497 3355 678 3421 redditibus
701 3357 764 3420 illis
789 3357 835 3420 eis
858 3357 1040 3437 restituere,
1065 3356 1149 3420 sicut
1176 3356 1308 3438 dicitur,
1332 3357 1501 3420 recusatis.

230 3461 324 3545 Quod
347 3462 468 3526 factum
501 3462 528 3526 si
555 3463 692 3526 veritate
724 3463 886 3544 subsistit,
920 3468 1041 3544 quanto
1070 3485 1090 3526 a
1118 3463 1219 3527 sacris
1247 3469 1297 3528 est
1324 3462 1502 3528 canonibus

230 3570 380 3649 alienum,
404 3573 495 3633 tanto
514 3569 743 3651 requirendum
762 3575 812 3634 est
831 3569 985 3633 attentius
1006 3574 1038 3632 et
1055 3568 1234 3633 districtius
1254 3569 1511 3634 emendandum·

230 3674 389 3755 Quocirca
411 3696 469 3757 per
492 3676 671 3758 apostolica
694 3677 784 3741 vobis
809 3676 930 3759 scripta
947 3675 1176 3758 praecipiendo
1194 3675 1398 3756 mandamus,
1423 3698 1501 3758 qua-

230 3786 324 3845 tenus
348 3781 507 3846 restitutis
536 3783 759 3847 concanonicis
787 3783 902 3848 vestris
926 3783 1085 3864 expensis,
1114 3803 1195 3864 quas
1225 3781 1399 3846 adsedem
1424 3803 1499 3864 apo-

230 3887 377 3952 stolicam
399 3888 556 3954 veniendo
587 3887 745 3970 fecerunt,
779 3889 937 3970 quidquid
969 3889 1134 3975 residuum
1158 3887 1256 3952 fuerit
1277 3893 1346 3952 tam
1369 3888 1408 3952 de
1431 3889 1499 3970 pla-

230 3995 301 4057 citis
333 4014 371 4057 ao
399 3993 606 4076 synodalibus
637 3995 798 4076 quamde
826 3995 898 4059 aliis
921 3995 1102 4059 redditibus
1126 3995 1168 4059 ad
1192 3996 1377 4078 episcopum
1400 3995 1499 4076 perti-

228 4099 390 4181 nentibuS,
415 4099 523 4164 futuro
547 4101 686 4164 antistiti
708 4108 900 4182 reservetur,
926 4122 967 4164 ne
991 4103 1017 4165 si
1037 4101 1132 4166 aliter
1150 4101 1234 4167 forte
1253 4101 1394 4167 feceritis
1419 4107 1499 4163 tanr-

230 4227 327 4287 quam
340 4206 512 4271 violatores
528 4228 692 4272 sacrorum
708 4230 865 4273 canonum
881 4213 913 4271 et
926 4214 1073 4290 raptores
1091 4207 1248 4273 bonorum
1269 4206 1499 4292 episcopalium

230 4311 386 4393 debeatis,
398 4313 484 4393 quod
494 4319 638 4377 avertat⁸
646 4314 745 4394 Deus,
757 4314 972 4378 condemnari.
992 4313 1114 4378 Datum
1121 4313 1278 4379 Laterani
1288 4314 1400 4378 Idibus
1411 4314 1497 4377 llaii.

318 4479 329 4502 ⁸
347 4475 461 4523 advertat
480 4494 498 4524 c.

235 4584 241 4591 '
320 4577 329 4607 ¹
347 4577 415 4632 Can.
434 4578 524 4631 XXII
543 4596 587 4648 ap.
606 4578 698 4632 Mausi
716 4577 786 4633 VII.
806 4581 867 4634 367.
923 4580 933 4609 ²
952 4580 1038 4651 Hugo
1048 4581 1340 4657 111‘2-13,Barth01.
1353 4582 1499 4635 1113-51.
