3098 5056
452 268 641 321 Anuxrnonr
659 280 696 319 111
714 278 881 320 urrsrounu
900 265 951 318 243
1274 249 1336 310 135

60 446 128 488 cam
152 425 421 490 benedictionem.
459 425 594 491 Invento
613 427 647 489 in
666 425 806 508 quodam
830 426 950 507 scripto
968 424 1125 489 librorum
1142 430 1336 505 nostrorum,
1357 422 1513 482 1163-64

58 531 143 612 quod
167 531 383 596 Lateranensi
406 533 532 615 palacio
556 533 694 597 ecclesia
716 537 826 596 vestra
850 531 985 613 singulis
1014 531 1106 594 annis
1130 531 1259 593 unciam
1283 529 1336 594 de·
1373 511 1436 571 0⁰l·
1450 511 1500 574 11·

56 637 149 702 beret
173 639 246 702 auri
269 639 465 721 persolvere,
500 639 541 703 ab
569 639 779 702 universitate
808 644 916 701 vestra
939 658 1071 701 censum
1101 638 1208 719 ipsum
1232 637 1336 718 exegi-

56 766 138 807 mus.
178 742 244 809 Sed
262 750 373 808 tamen
391 745 485 810 nobis
504 745 728 827 respondistis
748 745 860 808 necin
883 749 992 808 vestra
1010 744 1166 807 memoria
1186 764 1256 806 esse
1278 762 1338 806 nec

57 849 169 931 aliqua
192 873 248 915 vos
272 851 347 915 inde
371 853 493 934 scripta
510 851 640 931 habere,
665 849 751 932 quod
769 849 856 913 idem
875 870 989 914 census
1010 850 1051 913 ab
1071 850 1207 913 ecclesia
1230 854 1339 912 vestra

55 955 204 1021 Romane
232 958 376 1022 ecclesie
408 959 612 1023 consueverit
644 978 684 1021 ex
716 955 903 1021 condicione
935 956 1084 1038 persolvi.
1138 955 1232 1020 Unde
1265 976 1338 1018 cum

55 1063 252 1127 venerabilis
267 1063 368 1128 frater
386 1069 497 1129 noster
517 1062 725 1148 B(ernardus)
744 1062 934 1127 Portuensis
954 1063 1124 1145 episcopus
1144 1067 1177 1125 et
1199 1060 1337 1125 dilectus

55 1168 142 1232 filius
167 1175 280 1234 noster
297 1169 457 1234 Henricus
478 1169 534 1234 SS.
554 1168 651 1233 Nerei
674 1175 708 1233 et
725 1168 864 1233 Achillei
887 1168 1058 1251 presbyter
1082 1167 1256 1231 cardinalis
1279 1189 1337 1250 per

56 1277 292 1340 monasterium
316 1283 459 1341 vestrum
483 1298 586 1359 nuper
608 1277 799 1357 transirent,
830 1275 962 1358 quidam
986 1275 1025 1338 de
1048 1273 1281 1338 maturioribus
1306 1279 1339 1337 et

57 1381 300 1463 antiquioribus
324 1381 480 1446 fratribus
497 1383 530 1445 in
546 1382 715 1464 presencia
734 1403 845 1447 eorum
863 1382 925 1446 hoc
948 1383 1054 1464 ipsum
1077 1380 1185 1463 parati
1208 1379 1339 1444 fuerunt

54 1489 177 1570 jurare.
215 1486 299 1569 Quia
322 1490 421 1570 igitur
435 1489 583 1553 Romana
597 1489 734 1552 ecclesia
748 1510 925 1570 numquam
944 1489 1111 1552 consuevit
1135 1488 1263 1569 exigere
1282 1487 1338 1550 sed

58 1595 168 1677 potius
194 1615 320 1676 rogare,
344 1600 382 1658 ut
405 1595 486 1658 alias
506 1595 659 1659 ecclesias
679 1595 741 1658 sibi
760 1594 881 1658 faceret
900 1594 1078 1676 censuales,
1103 1615 1158 1658 vos
1183 1600 1216 1657 et
1238 1593 1338 1657 eccle·

59 1701 141 1764 siam
165 1706 308 1764 vestram
331 1701 373 1764 ab
396 1701 581 1766 huiusmodi
600 1702 767 1765 exactione
786 1700 982 1766 absolvimus
1002 1707 1043 1782 et,
1068 1706 1105 1765 ut
1121 1722 1225 1783 neque
1244 1700 1337 1765 nobis

59 1812 116 1869 aut
139 1807 382 1871 successoribus
410 1810 544 1890 nostris,
577 1809 640 1872 nisi
672 1807 755 1872 forte
778 1807 818 1871 de
841 1810 974 1890 propria
1001 1808 1168 1872 voluntate
1188 1812 1220 1871 et
1242 1806 1338 1870 bene·

58 1913 180 1995 placito
205 1917 312 1976 vestro
335 1913 534 1995 procederet,
558 1915 644 1979 hunc
664 1936 795 1978 censum
815 1914 854 1978 de
878 1920 985 1979 cetero
1005 1915 1046 1978 ab
1071 1914 1208 1978 ecclesia
1231 1917 1338 1976 vestra
1400 1920 1403 1927 ’

59 2019 189 2101 exigere
219 2018 330 2099 liceat,
361 2022 504 2103 presenti
533 2022 653 2103 scripto
678 2042 855 2085 censemus.
902 2020 1023 2084 Datum
1048 2021 1183 2086 Senonis
1206 2018 1236 2083 V
1259 2018 1337 2082 Idus

60 2123 222 2190 Octobris

56 2607 146 2672 243.
171 2607 336 2666 Alcsoudcr
358 2608 411 2667 ΙΠ
427 2609 571 2685 fratribus
598 2609 850 2670 Gemuodcosc'bus
868 2613 1020 2688 praecoquit,
1044 2618 1077 2670 ut
1104 2613 1139 2670 in
1160 2609 1337 2669 monasterio

170 2714 261 2773 altere
285 2715 396 2789 micum
419 2716 458 2774 od
478 2718 655 2776 locutorium
680 2719 858 2794 sepultorum
881 2719 916 2776 io
938 2719 1053 2777 molceio
1078 2719 1108 2777 S.
1123 2717 1203 2777 Petri
1226 2735 1245 2774 a
1267 2714 1337 2773 Wc‘l-

171 2820 256 2879 lclmo
280 2821 419 2879 Elruuudc'
441 2823 588 2882 occasione
610 2826 808 2884 conversionis
830 2825 985 2883 Ascmcrc'c'
1006 2825 1110 2901 scotris
1133 2841 1273 2883 concessa.

246 2973 319 3029 Bibl.
338 2981 395 3030 nat.
414 2975 500 3031 Paris.
520 2994 571 3031 ms.
590 2976 639 3031 lat.
659 2978 746 3032 12773
764 2978 810 3034 fol.
832 2979 891 3045 159,
910 2995 969 3049 cop.
989 2995 1011 3033 c.
1030 2995 1055 3032 a.
1076 2978 1152 3032 1681.

147 3187 335 3252 Alexander
358 3189 527 3272 episcopus
559 3212 670 3254 servus
699 3212 863 3256 servorum
886 3192 948 3256 Dei
976 3191 1101 3256 dilectis
1124 3189 1200 3253 filiis
1225 3187 1337 3251 abbati
1366 3190 1522 3249 1163-64

55 3303 90 3361 et
113 3294 272 3359 fratribus
297 3293 578 3360 Gemundensibus
603 3297 740 3361 salutem
770 3304 803 3362 et
829 3299 1041 3380 apostolicam
1068 3296 1335 3362 benedictionem.
1390 3279 1459 3339 Dess·
1472 3282 1500 3340 2·

56 3401 221 3484 Quoniam
256 3401 340 3464 sicut
369 3402 551 3484 accepimus
574 3403 758 3468 Willelmus
781 3404 944 3485 Ernaudi,
978 3405 1034 3487 qui
1066 3405 1099 3467 in
1130 3402 1337 3467 conversione
1422 3429 1425 3434 ·

55 3507 224 3572 Azemarii
252 3505 362 3570 fratris
390 3509 440 3570 sui
463 3509 527 3590 ius,
552 3509 638 3591 quod
664 3510 808 3575 habebat
829 3512 863 3574 in
887 3511 1024 3575 ecclesia
1043 3509 1075 3574 S.
1095 3509 1187 3574 Petri
1210 3509 1249 3584 de
1268 3508 1336 3572 Ma-

56 3615 153 3694 zeris,
177 3634 250 3676 cum
271 3634 308 3677 eo
331 3614 454 3694 pariter
476 3618 673 3681 monasterio
700 3623 807 3682 vestro
831 3619 999 3698 concessit,
1024 3623 1134 3682 votum
1158 3622 1191 3680 et
1213 3614 1337 3679 deside-

55 3722 142 3784 rium
166 3719 259 3801 gerit,
284 3724 321 3783 ut
343 3741 402 3801 pro
427 3721 524 3784 altari
546 3722 634 3786 illius
658 3723 823 3805 ecclesiae,
850 3724 937 3806 quod
960 3724 1006 3787 ibi
1026 3724 1218 3787 destitutum
1241 3722 1336 3785 relin-

57 3827 184 3908 quitur,
217 3826 252 3889 in
286 3824 398 3889 eodem
421 3831 618 3893 monasterio
642 3836 748 3894 vestro
772 3830 876 3894 altare
900 3830 1031 3912 aliquod
1056 3835 1272 3907 construatur,
1303 3828 1336 3889 in

56 3955 121 4015 quo
146 3932 302 3996 memoria
326 3954 451 4014 eorum,
481 3934 594 4016 quiin
617 3937 787 4000 cemeterio
811 3937 997 4018 praedictae
1026 3936 1181 4000 ecclesiae
1205 3934 1336 4016 conqui-

56 4044 181 4120 escunt,
205 4059 264 4120 per
289 4039 495 4104 succedentia
519 4046 666 4124 tempora
689 4042 879 4123 celebretur,
904 4064 1071 4107 monemus
1091 4043 1246 4106 attentius
1265 4041 1335 4103 uni-

55 4147 245 4210 versitatem
270 4151 412 4209 vestram
436 4152 534 4228 atque
557 4147 763 4230 mandamus,
798 4155 957 4231 quatenus
986 4149 1053 4212 eius
1081 4146 1238 4211 laudabili
1262 4151 1335 4210 voto

54 4252 89 4314 in
111 4251 175 4315 hac
205 4256 299 4333 parte
332 4251 507 4316 studiosius
541 4261 719 4319 annuentes
752 4278 811 4337 pro
844 4256 940 4320 altari
972 4256 1028 4320 illo
1057 4253 1144 4318 aliud
1176 4253 1279 4316 altare
1302 4253 1336 4314 iu

54 4357 224 4441 praedicto
248 4360 444 4424 monasterio
469 4366 576 4424 vestro
600 4360 758 4424 studeatis
785 4363 918 4444 erigere,
942 4363 975 4424 in
1000 4383 1063 4443 quo
1086 4359 1242 4424 memoria
1265 4358 1334 4422 illo-

54 4486 139 4545 rum,
164 4464 220 4546 qui
238 4463 305 4528 illic
319 4466 535 4547 requiescunt,
557 4467 742 4548 specialiter
761 4467 907 4532 debeatis
926 4470 1140 4550 inposterum
1159 4464 1333 4529 celebrare.

54 4569 179 4635 Datum
202 4569 339 4635 Senonis
363 4570 411 4636 IV
433 4571 506 4637 Non
529 4572 729 4637 Decembris.
