3098 5056
450 280 638 334 Anaxauonr
656 294 693 334 111
712 294 877 336 urrsronnn
896 281 948 337 240
1269 267 1330 329 133

60 448 89 505 te
121 447 156 505 et
188 441 383 506 Mauricium
405 439 624 505 Parisiensem
656 441 842 524 episcopum
875 462 972 524 super
1002 441 1170 505 ecclesiam
1193 439 1225 506 S.
1250 440 1330 507 Ger·
1381 449 1465 509 1163

58 547 146 612 mani
167 547 203 610 in
226 545 310 611 Laia
333 552 366 610 et
389 547 547 629 capellam
566 545 598 611 S.
618 546 747 628 Aegidii
770 568 843 611 cum
866 548 1020 630 parochia
1046 569 1105 612 sua
1128 553 1160 612 et
1183 548 1330 613 omnibus
1347 539 1419 613 ΑΡΥ·
1432 539 1482 598 20·

58 653 97 718 ad
121 653 326 737 praedictam
349 653 517 718 ecclesiam
536 653 640 716 sancti
659 651 814 718 Germani
836 654 1083 736 pertinentibus,
1108 654 1233 718 dilectis
1256 653 1330 718 filiis

56 761 178 825 nostrie
202 759 323 824 Milone
345 758 596 824 Mediolanensis
629 758 785 823 ecclesiae
812 760 1091 844 archipresbytero
1117 765 1150 824 et
1169 758 1333 825 Osmundo

56 866 238 930 Parisiensi
248 867 402 931 canonico
412 864 640 946 mediantibus
651 865 889 931 rationabiliter
902 868 988 931 facta
1003 872 1061 948 est,
1077 867 1161 931 sicut
1173 868 1207 930 in
1222 873 1333 932 auten-

55 976 122 1040 tico
146 975 269 1057 scripto
294 972 409 1037 exinde
432 972 540 1036 factol
562 972 707 1036 noscitur
725 972 892 1053 contineri,
917 974 977 1038 tibi
1001 978 1034 1037 et
1051 994 1109 1056 per
1126 979 1159 1037 te
1178 973 1333 1038 ecclesiae

57 1087 140 1145 tuae.
160 1080 357 1146 auctoritate
381 1078 560 1162 apostolica
582 1076 748 1141 firmamus
773 1084 805 1141 et
823 1080 1004 1160 praesentis
1024 1079 1136 1162 scripti
1154 1081 1333 1162 patrocinio

57 1187 294 1252 communimus
323 1191 517 1266 statuenteS,
540 1190 578 1248 ut
600 1184 680 1247 nulli
704 1186 832 1250 omnino
860 1186 1026 1251 hominum
1053 1184 1150 1249 liceat
1171 1186 1255 1249 hanc
1277 1208 1333 1269 pa-

58 1294 171 1375 ginam
193 1298 325 1357 nostrae
349 1291 603 1357 confirmationis
630 1291 803 1373 infringere
831 1292 881 1355 vel
909 1293 937 1356 ei
962 1292 1165 1374 aliquatenus
1193 1291 1331 1356 obviare.

60 1398 96 1464 Si
119 1400 193 1481 quis
217 1404 326 1463 autem
353 1398 414 1462 hoc
442 1403 636 1481 attemptare
659 1399 927 1482 praesumpserit,
951 1398 1178 1481 omnipotentis
1201 1396 1263 1462 Dei
1285 1398 1332 1460 in·

60 1505 283 1588 dignationem
307 1510 339 1569 et
361 1504 531 1569 beatorum
553 1504 644 1568 Petri
674 1510 707 1568 et
724 1504 820 1568 Pauli
847 1503 1066 1587 apostolorum
1090 1505 1158 1568 eius
1182 1524 1215 1567 se
1239 1525 1332 1568 nove-

60 1613 104 1675 rit
126 1613 342 1676 incursurum.
389 1610 511 1674 Datum
533 1610 679 1675 Parisius
702 1609 771 1673 XII
793 1610 959 1675 Kalendas
982 1610 1071 1674 Maii.

58 1951 151 2017 240.
175 1953 340 2012 Alexander
352 1953 404 2012 III
421 1952 569 2011 universa
585 1953 667 2028 requi
680 1954 863 2011 Flaccorum
886 1952 1029 2029 fidelibus
1053 1953 1105 2028 qai
1128 1952 1166 2011 od
1187 1952 1332 2010 corbeiam

172 2060 202 2120 S.
220 2060 397 2120 (1661661116
415 2059 515 2118 Protin
533 2078 553 2116 a
570 2077 630 2117 sese
647 2065 841 2118 consecratum
864 2078 883 2116 a
905 2059 951 2121 da
975 2060 1012 2116 21
1030 2078 1069 2117 ot.
1088 2061 1158 2135 Agar.
1181 2059 1334 2134 usquead

169 2166 195 2225 d.
215 2165 340 2225 1911611
359 2165 536 2239 manarint,
555 2165 768 2241 indagantium
785 2166 941 2242 promittit
973 2166 1063 2225 Addit
1080 2166 1113 2224 da
1131 2165 1332 2223 anniuersario

171 2271 361 2331 dedicationis
384 2272 436 2330 die.

354 2373 471 2443 Autogr.
490 2372 520 2426 in
539 2372 626 2427 tabul.
644 2379 701 2427 nat.
721 2372 807 2427 Paris.
827 2373 858 2427 L.
878 2372 931 2427 230
949 2377 976 2425 n.
997 2371 1037 2424 18.

146 2532 333 2597 Alexander
356 2532 526 2615 episcopus
557 2554 667 2596 servus
692 2554 857 2598 servorum
879 2532 942 2596 Dei
965 2531 1123 2595 universis
1146 2530 1209 2596 Dei
1232 2530 1332 2597 fideli·
1380 2541 1463 2599 1163

46 2641 118 2728 *bus
143 2661 202 2724 per
224 2660 360 2722 regnum
376 2637 578 2703 Francorum
597 2640 781 2704 constitutis
801 2639 939 2702 salutem
958 2643 990 2702 et
1009 2638 1219 2721 apostolicam
1237 2637 1332 2702 bene·
1350 2629 1423 2704 APs-
1435 2631 1485 2690 22·

55 2747 243 2812 dictionem.
290 2744 420 2810 Certum
449 2750 499 2808 est
526 2751 558 2809 et
581 2746 757 2810 multarum
780 2745 1013 2828 scripturarum
1040 2745 1224 2809 testimonio
1248 2766 1332 2810 com-

54 2853 241 2937 probatum,
265 2852 404 2934 qualiter
427 2850 523 2916 beato
546 2851 645 2916 Petro
669 2852 810 2917 celorum
832 2852 922 2933 regni
946 2851 1106 2933 clavigero
1130 2851 1277 2916 dominus
1301 2857 1333 2915 et

54 2960 244 3042 redemptor
275 2963 386 3022 noster
418 2956 565 3021 Christus
597 2957 713 3022 Ihesus
745 2958 868 3040 ligandi
900 2963 998 3040 atque
1031 2956 1174 3021 solvendi
1204 2957 1332 3041 plenam

56 3066 176 3131 tribuit
197 3069 393 3148 potestatem
424 3062 488 3127 illis
517 3065 670 3148 precipue
698 3065 805 3129 verbis
812 3115 820 3146 ,
845 3062 963 3146 quibus
986 3064 1112 3128 locutus
1136 3069 1185 3127 est
1209 3063 1330 3128 diceus:

56 3173 130 3255 „Tu
153 3193 188 3236 es
205 3170 322 3235 Petrus
347 3176 379 3233 et
398 3190 494 3252 super
512 3169 595 3234 hanc
614 3176 740 3252 petram
763 3169 942 3235 hedificabo
969 3169 1137 3233 ecclesiam
1160 3191 1275 3252 meam,
1301 3176 1333 3235 et

57 3279 284 3363 quodcumque
306 3277 456 3359 ligaveris
477 3298 573 3360 super
591 3283 721 3358 terram,
738 3277 800 3340 erit
817 3275 952 3358 ligatum
971 3277 1054 3340 etin
1073 3275 1160 3357 celis,
1181 3283 1213 3341 et
1232 3277 1331 3360 quod-

57 3405 196 3468 cumque
221 3384 353 3449 solveris
373 3404 470 3465 super
491 3388 623 3464 terram,
648 3381 1119 3448 6111661111111116111]66116112
1141 3383 1235 3447 Hanc
1258 3405 1331 3448 ean-

57 3493 132 3557 dem
164 3495 359 3574 potestatem
391 3490 514 3553 cunctis
547 3488 786 3553 successoribus
814 3489 883 3552 eius
915 3488 957 3553 ab
981 3487 1092 3554 eodem
1115 3488 1332 3572 Redemptore

56 3604 170 3663 nostro
193 3596 292 3660 firisse
316 3595 478 3675 collatam,
503 3617 523 3660 a
545 3596 644 3676 nullo,
676 3596 732 3677 qui
756 3616 922 3659 sacrarum
945 3595 1065 3658 habeat
1087 3595 1331 3678 intelligentiam

58 3705 304 3787 scripturarum,
329 3702 488 3766 credimus
507 3703 658 3784 ignorari.
696 3702 748 3765 Ex
771 3724 809 3766 ea
832 3702 942 3784 itaque
965 3707 1126 3783 potestate
1149 3702 1252 3783 nobie,
1277 3702 1331 3783 qui

57 3812 92 3874 in
115 3809 206 3874 beati
228 3808 319 3872 Petri
352 3808 507 3872 cathedra
535 3807 611 3873 licet
632 3796 764 3890 'indigni
788 3809 1011 3889 successimus,
1039 3829 1059 3871 a
1082 3807 1211 3873 domiuo
1234 3807 1331 3871 ihesu

58 3916 188 3982 Christo
212 3936 375 3997 concessa,
400 3936 473 3978 cum
496 3915 632 3979 ecclesia
655 3913 687 3979 S.
713 3913 868 3980 Germani
889 3914 1093 3996 Parisiensis,
1118 3935 1180 3997 que
1203 3915 1331 3996 proprie

58 4023 101 4088 ad
123 4025 175 4087 ius
195 4028 399 4087 sacrosancte
417 4021 563 4087 Romane
583 4020 717 4085 ecclesie
735 4021 885 4104 pertinet,
906 4043 1021 4085 munus
1041 4020 1251 4085 dedicationis
1274 4020 1332 4082 im-

58 4129 259 4213 pendimusss,
291 4129 330 4193 de
358 4128 519 4194 communi
546 4127 684 4192 fratrum
712 4133 896 4192 nostrorum
925 4129 1148 4211 episcoporum
1175 4132 1207 4189 et
1230 4124 1332 4188 cardi-

58 4237 183 4300 nalium
206 4236 340 4302 consilio
358 4256 458 4299 unum
478 4256 597 4298 annum
617 4233 656 4297 de
675 4234 819 4297 iniuncta
837 4235 1014 4318 penitentia
1034 4233 1157 4297 cunctis
1181 4231 1233 4294 dei
1256 4230 1332 4293 fide-

58 4342 146 4408 libus
169 4364 190 4407 a
213 4342 264 4409 die
288 4342 501 4407 dedicationis
533 4362 636 4423 usque
669 4339 711 4404 ad
743 4346 873 4405 octavas
901 4345 1102 4422 pentecostes
1130 4338 1207 4401 illuc
1235 4359 1332 4401 causa

150 4521 160 4551 ¹
178 4519 252 4575 Vide
270 4518 464 4576 Gallohrist.
483 4519 560 4574 VIII
578 4519 662 4572 Instr.
681 4535 700 4588 p
719 4516 777 4570 338.
855 4515 1171 4582 2Μει111].16,186119.
1253 4515 1263 4544 ³
1280 4514 1333 4569 Die

60 4609 92 4662 21
112 4608 191 4680 Apu,
210 4609 263 4664 vid.
282 4609 356 4665 Jaffe
373 4608 441 4678 Reg.
461 4608 542 4663 Pont.
561 4607 642 4662 Rom.
661 4624 688 4677 p.
708 4607 767 4661 691.
