3098 5056
249 301 426 358 Onnnanms
445 315 482 356 m
500 296 538 356 irr
557 302 740 357 Conunsrrnr
759 316 795 356 111
813 313 982 356 nrrsronan
1000 301 1060 356 396.
1079 301 1130 356 397
1264 284 1328 348 243

72 463 338 529 excommunicatis
371 468 404 527 et
435 463 616 528 interdictis
650 463 820 527 memorati
857 461 1093 546 archiepiscopi
1129 462 1330 545 sepulturam
1369 460 1453 520 1189

10 626 12 633 .
70 575 116 633 aut
135 571 199 634 alia
222 575 427 634 sacramenta
451 570 672 634 ecelesiastica
695 592 760 635 non
787 568 991 652 impendant,
1024 588 1157 634 moneas
1184 574 1218 632 et
1240 551 1472 635 auto-1¹²¹·30·

10 662 12 743 ἶ
68 677 150 741 ritate
168 677 349 760 apostolica
367 675 504 741 firmiter
522 676 709 741 interdicas.
754 675 790 742 Si
807 696 883 740 vero
903 675 1162 741 commonitionis
1182 681 1216 740 et
1232 675 1331 741 inter·

10 838 12 853 ,
68 781 132 847 dicti
148 784 198 847 tui
221 789 480 866 transgressores
499 783 677 863 extiterint,
697 803 752 848 eos
772 804 792 846 a
815 783 1080 866 praesumptione
1099 802 1236 865 suaper
1259 803 1331 847 cen-

66 910 161 953 suram
203 889 458 954 ecclesiastieam
500 893 648 954 cessante
690 889 909 972 appellatione
950 909 1148 971 compescas.
1208 888 1332 953 Datum

66 994 208 1061 Laterani
231 997 329 1061 tertio
347 996 515 1061 Kalendas
534 995 685 1078 Augusti,
710 994 919 1079 pontificatus
943 995 1046 1060 nostri
1070 1015 1155 1060 anno
1179 995 1331 1061 seeundo.

63 1265 138 1333 396.
168 1269 305 1328 Clemens
327 1268 379 1328 ΙΗ
397 1275 454 1328 tres
477 1269 592 1328 abbates
613 1268 693 1327 tutet
715 1269 957 1328 saowttmmciules
979 1267 1200 1342 Barbaroenses
1227 1266 1263 1326 ob
1285 1267 1333 1325 ta-

161 1376 255 1434 turo'c's
277 1376 390 1434 obbatis
412 1375 594 1434 Carteienses
616 1375 772 1450 defendere.

158 1493 233 1549 Bibl.
252 1500 310 1549 nat.
322 1494 410 1549 Paris.
421 1493 516 1549 Chart.
535 1511 609 1549 mon.
623 1493 758 1564 Broburg.
777 1507 865 1548 axv.
884 1511 935 1548 ms.
948 1494 997 1548 lat.
1011 1494 1089 1549 9921.
1108 1492 1170 1547 libr.
1179 1507 1225 1548 111.

631 1583 678 1638 fol.
699 1584 753 1637 19¹³.

139 1707 290 1772 Clemens
314 1709 484 1792 episcopus
509 1729 620 1772 servus
645 1729 811 1772 servorum
826 1706 889 1771 Dei
912 1707 1039 1770 dilectis
1062 1705 1138 1770 liliis
1162 1707 1202 1770 de
1216 1706 1332 1786 Dunis,
1376 1720 1459 1779 1189

56 1815 90 1879 de
113 1813 353 1880 Claromarisco
386 1820 419 1878 et
448 1814 488 1889 de
511 1813 642 1880 Thosan
676 1814 851 1880 abbatibus
885 1814 1023 1878 salutem
1056 1819 1089 1877 et
1120 1812 1334 1897 apostolicam
1352 1809 1425 1869 Nov.
1438 1812 1488 1871 25.

57 1921 323 1986 benedictionem.
370 1921 583 1986 insinuarunt
605 1921 698 1987 nobis
724 1921 911 1986 abbatissal
941 1926 974 1985 et
1005 1919 1162 1985 moniales
1191 1918 1231 1981 de
1254 1917 1334 1982 Bro-

55 2027 164 2110 bouro,
189 2028 287 2110 quod,
312 2050 386 2092 cum
410 2028 574 2111 quandam
594 2028 844 2093 decimationem
862 2027 947 2091 infra
965 2026 1093 2091 Isaram
1113 2031 1146 2090 et
1161 2031 1254 2089 extra
1276 2044 1335 2107 per

56 2135 293 2217 quinquaginta
316 2156 418 2201 annos
438 2141 472 2199 et
489 2135 577 2199 ultra
595 2136 629 2199 in
648 2156 729 2219 pace
747 2134 961 2219 possederint,
987 2133 1090 2198 abbas
1110 2130 1335 2197 corbeiensis2

56 2241 304 2307 decimationem
327 2243 432 2325 ipsam
460 2244 506 2307 eis
535 2240 674 2306 aufferre
707 2248 740 2306 et
769 2263 824 2306 eas
853 2242 972 2304 iniuste
995 2239 1135 2321 fatigare
1158 2237 1334 2304 contendit.

56 2345 141 2428 Quia
166 2368 244 2414 vero
276 2348 319 2412 ad
350 2371 409 2414 nos
442 2349 627 2432 specialiter
655 2350 798 2433 pertinet
825 2369 903 2411 cura
933 2346 1090 2411 debilium
1112 2366 1334 2430 personarum,

58 2453 245 2519 discretioni
268 2459 397 2519 vestrae
429 2476 488 2538 per
512 2455 691 2539 apostolica
718 2455 840 2538 scripta
862 2454 1069 2535 mandamuS,
1102 2453 1256 2536 quatinus
1280 2451 1336 2516 ab·

58 2559 215 2625 batissam
239 2567 272 2626 et
294 2562 451 2626 moniales
484 2562 573 2646 ipsas
606 2562 753 2626 indebita
782 2561 942 2645 praedicti
972 2560 1102 2625 abbatis
1133 2581 1198 2624 non
1221 2559 1337 2622 sinatis

60 2667 226 2732 uexatione
258 2689 408 2751 gravare,
447 2667 504 2732 sed
537 2689 649 2732 earum
680 2670 753 2733 iura
785 2648 923 2732 illabata
955 2666 1083 2731 faciatis
1116 2672 1228 2730 nostra
1262 2664 1337 2730 heti

64 2774 266 2855 auctoritate,
292 2775 510 2859 appellatione
534 2781 698 2858 cessante,
723 2775 860 2856 servari,
889 2773 987 2837 nullis
1010 2773 1128 2837 litteris
1151 2773 1282 2859 veritati
1306 2777 1338 2836 et

64 2878 182 2944 iustitie
203 2881 419 2964 preiudicium
443 2880 653 2964 facientibus,
683 2883 711 2946 si
739 2902 802 2964 que
831 2879 1044 2963 apparuerint
1066 2901 1086 2943 a
1109 2879 1185 2943 sede
1209 2885 1337 2962 aposto-

66 2983 123 3049 hca
143 2986 327 3071 impetrate.
375 2985 470 3068 Quod
498 2988 526 3051 si
554 3009 664 3053 omnes
692 2988 754 3052 hiis
783 2987 981 3070 exequendis
1004 2985 1215 3068 nequiveritis
1238 2987 1337 3048 inter-

69 3111 144 3174 esse,
178 3093 240 3159 duo
273 3098 418 3165 vestrum
451 3115 489 3158 ea
520 3094 749 3159 nichilominus
777 3099 989 3177 exequantur.
1036 3091 1160 3155 Datum
1182 3089 1337 3155 Laterani

69 3195 126 3263 VH
146 3199 221 3265 Kal.
246 3199 448 3282 Decembris,
472 3199 681 3284 pontificatus
705 3201 809 3266 nostri
833 3222 917 3265 anno
941 3198 1092 3264 secundo.

69 3431 142 3501 397.
171 3436 351 3496 Caelestinus
373 3436 425 3495 III
441 3436 597 3496 attonsos
624 3435 810 3495 molestarent
832 3438 982 3511 praelatos
1004 3436 1146 3508 hortatur,
1174 3441 1208 3494 ot
1230 3453 1250 3493 o
1266 3452 1339 3508 por·

169 3543 304 3601 actiacas
331 3543 398 3601 sais
419 3543 532 3601 cataste
554 3543 666 3602 detecto
692 3543 836 3619 fratribus
858 3544 987 3602 militiae
1012 3542 1123 3616 Temple·
1148 3541 1266 3600 restitui
1292 3540 1339 3616 so-

163 3650 252 3708 eo'oot.
297 3649 388 3709 Addit
411 3651 444 3708 de
470 3649 704 3724 conprensam
721 3650 888 3724 petraleyo'c‘s
911 3649 1097 3726 quibasdam.

14 3690 20 3809 i
352 3767 470 3839 Autogr.
489 3769 520 3822 in
538 3767 625 3822 tabul.
644 3773 702 3822 nat.
721 3767 808 3822 Paris.
827 3769 859 3822 L.
879 3770 931 3823 235
950 3785 977 3822 n.
998 3771 1022 3822 7.

10 3902 16 3967 .·¹¹
139 3890 329 3974 ¹Celestinus
354 3912 523 3994 episcopus
548 3932 659 3975 servus
684 3932 849 3976 servorum
872 3910 935 3975 Dei
962 3910 1202 3976 venerabilibus
1230 3908 1338 3972 fratri·
1384 3930 1466 3988 1191

61 4015 127 4100 bus,
153 4016 417 4101 archiepiscopis,
443 4018 602 4102 episcopis
626 4023 659 4081 et
683 4018 810 4082 dilectis
834 4016 909 4081 filiis
934 4017 1109 4081 abbatibus
1133 4023 1166 4081 et
1194 4015 1266 4080 aliis
1290 4035 1340 4078 ec·
1359 4020 1425 4078 Iun.
1439 4018 1489 4078 15.

60 4123 232 4188 elesiarum
255 4124 400 4207 prelatis,
425 4124 468 4188 ad
492 4145 573 4206 quos
596 4124 705 4189 littere
728 4125 791 4187 iste
814 4125 1030 4206 pervenerint,
1055 4123 1194 4187 salutem
1213 4127 1246 4186 et
1264 4143 1340 4204 apo-

59 4231 209 4296 stolicam
232 4230 500 4296 benedictionem.
548 4228 629 4295 Cum
658 4230 768 4294 dilecti
791 4229 850 4293 lilii
877 4230 981 4294 nostri
1003 4229 1121 4294 fratres
1145 4229 1259 4294 domus
1282 4229 1341 4291 mi-

56 4335 126 4402 litie
143 4336 273 4421 Templi
295 4360 354 4422 pro
378 4336 564 4402 defensione
587 4336 665 4401 fidei
685 4335 868 4401 Christiane
886 4336 1015 4401 labores
1040 4336 1209 4400 continuos
1233 4339 1266 4398 et
1288 4354 1341 4397 ex-

56 4450 165 4510 trema
187 4444 334 4527 pericula
366 4443 505 4508 subeant
534 4449 566 4507 et
594 4443 743 4508 inimicos
772 4444 876 4507 crucis
900 4441 1019 4506 Christi
1046 4464 1111 4507 non
1139 4441 1208 4505 sine
1231 4438 1342 4503 multis

147 4641 159 4671 ¹
177 4638 334 4694 Mathildis.
407 4639 418 4669 ²
436 4637 522 4693 dioec.
544 4637 748 4705 Ambianensis,
766 4638 907 4693 Nicolaus.

1076 4724 1129 4781 16*
