3098 5056
338 275 428 330 Lucu
442 284 483 328 '111
500 288 539 327 nr
557 273 684 328 Ursum
701 288 739 328 111
756 287 924 329 nrrsronnn
941 275 1002 328 374.
1021 275 1073 329 375
1274 261 1337 324 227
1394 304 1396 308 ,

169 441 331 516 proposita,
355 440 499 512 hortatur,
522 446 556 499 at
578 440 618 498 ad
634 440 831 514 reparandam
847 439 877 499 S.
891 440 1019 498 Martini
1041 441 1189 500 ecclesiam
1208 441 1241 500 da
1255 441 1340 500 barris

173 548 237 606 aeis
259 547 419 623 conferant.

237 647 309 702 Bibl.
328 653 386 702 nat.
405 646 492 702 Paris.
512 646 582 702 Ooll.
602 645 705 701 Baluze
724 647 757 701 to
782 646 829 701 fol.
849 648 910 715 342,
937 665 1024 702 manu
1042 665 1064 704 s.
1083 661 1162 703 xv11.

149 808 269 873 Lucius
303 810 474 892 episcopus
503 828 614 871 servus
643 827 811 873 servorum
835 807 898 872 Dei
921 807 1080 872 universis
1103 808 1167 873 Dei
1189 807 1340 874 fidelibus
1371 811 1455 870 1185

78 937 123 998 per
132 915 379 995 Bituriccnsem,
393 914 599 995 Remensem,
624 913 843 979 Senonensem
867 919 899 977 et
913 913 1135 979 Turonensem
1157 916 1340 998 provincias
1361 901 1461 960 Mast-

76 1023 246 1088 constitutis
270 1021 409 1085 salutem
433 1025 465 1084 et
489 1019 703 1104 apostolicam
726 1019 995 1085 benedictionem.
1038 1018 1209 1102 Quoniam,
1234 1027 1271 1085 ut
1294 1023 1342 1086 ait

71 1129 226 1212 apostolus
235 1132 257 1210 1,
291 1148 401 1193 omnes
434 1127 594 1192 stabimus
623 1131 699 1190 ante
723 1125 867 1190 tribunal
891 1125 1012 1190 Christi
1035 1128 1211 1209 recepturi,
1244 1134 1342 1211 prout

68 1237 218 1318 gessimus
238 1236 272 1298 in
290 1256 433 1317 corpore,
454 1235 521 1298 sive
540 1233 661 1297 bonum
680 1233 746 1297 sive
765 1233 898 1313 malum,
923 1238 1052 1317 oportet
1075 1254 1133 1297 nos
1157 1234 1242 1298 diem
1265 1235 1340 1300 mis·

66 1343 177 1408 sionis·
201 1347 345 1406 extreme
364 1339 586 1405 misericordie
606 1339 757 1421 operibus
776 1341 945 1421 prevenire
965 1345 999 1404 et
1017 1347 1202 1405 eternorum
1220 1341 1270 1405 int
1295 1343 1342 1405 'tu

65 1450 222 1513 seminare
241 1448 275 1511 in
298 1449 409 1528 terrio,
440 1468 502 1529 que
526 1445 682 1510 reddente
705 1445 845 1510 Domino
870 1468 943 1511 cum
967 1447 1139 1530 multiplici
1161 1446 1270 1511 fructu
1292 1468 1342 1512 re-

64 1556 213 1638 colligere
233 1553 408 1619 debeamus
428 1555 461 1616 in
480 1554 568 1634 celis,
592 1552 720 1616 firmam
741 1573 831 1635 spem
850 1552 1067 1636 fiduciamque
1086 1559 1243 1635 tenentes,
1264 1576 1342 1636 quc-

62 1663 146 1726 niam
164 1662 223 1744 qui
237 1681 334 1744 parce
354 1661 493 1724 seminat
507 1680 605 1742 parce
620 1665 653 1722 et
671 1665 783 1741 metet,
808 1665 841 1724 et
859 1661 915 1742 qui
936 1661 1074 1724 seminat
1092 1661 1126 1723 in
1145 1659 1342 1726 benedictio-

62 1769 155 1833 nibus
181 1768 222 1831 de
244 1765 526 1831 benedictionibus
550 1771 584 1830 et
606 1771 708 1830 metet
730 1767 831 1830 vitam
855 1772 1027 1830 eremana
1071 1764 1165 1831 Unde
1189 1769 1342 1848 quoniam

61 1875 197 1940 ecclesia
222 1874 326 1938 sancti
349 1873 483 1937 Martini
507 1872 704 1937 Turonensis
733 1872 847 1953 nequit
879 1872 1002 1955 absque
1030 1871 1174 1936 fidelium
1205 1874 1342 1938 eleemo-

60 2003 137 2066 syna
170 1980 365 2061 restaurari,
398 1980 645 2043 universitatem
676 1984 820 2042 vestram
852 1999 1019 2043 monemus
1053 1980 1211 2043 attentius
1245 1985 1277 2043 et
1309 1981 1342 2042 in

58 2087 284 2153 remissionem
306 2085 398 2151 vobis
421 2091 630 2168 peccatorum
652 2085 861 2166 iniungimus,
886 2086 1039 2166 quatinus
1066 2085 1107 2149 ad
1125 2086 1342 2169 reparandam

58 2194 220 2259 fabricam
243 2192 388 2272 ecclesie,
418 2192 452 2254 in
479 2213 545 2274 qua
577 2213 693 2275 corpus
721 2191 949 2273 pretiosissimi
973 2191 1166 2257 confessoris
1193 2195 1341 2276 quiescit,

59 2300 161 2364 divini
184 2299 304 2363 amoris
327 2300 449 2362 intuitu
473 2305 506 2364 et
529 2298 660 2381 proprie
691 2298 806 2361 salutis
836 2297 972 2362 obtentu
996 2304 1156 2381 oportuna
1179 2299 1219 2365 de
1242 2301 1341 2365 facul-

58 2407 187 2471 tatibus
210 2405 326 2470 vestris
356 2405 479 2469 auxilia
507 2404 691 2486 conferatis,
716 2405 763 2468 ita
787 2403 875 2487 quod
898 2403 1125 2470 adiuvantibus
1153 2406 1245 2472 vobis
1269 2429 1342 2472 con-

59 2512 310 2579 summationem
342 2512 482 2594 accipiat
506 2560 628 2575 .....
659 2516 692 2574 et
718 2532 775 2575 vos
803 2532 862 2594 per
893 2510 953 2575 hec
986 2517 1019 2575 et
1051 2513 1116 2576 alia
1147 2511 1247 2594 bona,
1281 2533 1343 2595 que

57 2619 202 2685 Domino
230 2619 410 2702 inspirante
438 2617 594 2698 feceritis,
625 2617 666 2681 ad
691 2624 800 2681 eterne
824 2616 990 2681 felicitatis
1014 2618 1133 2701 gaudia
1156 2619 1344 2683 mereamini

60 2727 241 2810 pervenire.
287 2724 411 2790 Datum
434 2724 562 2789 Verone
585 2723 659 2787 Kal.
684 2723 774 2788 Maii.
813 2803 815 2809 Ι

60 3082 145 3151 375.
174 3085 311 3145 Urbanas
333 3085 385 3143 ΙΙΙ
402 3084 581 3159 Leptoaeasr'
604 3090 630 3142 et
653 3083 840 3142 Astarteeaso‘
862 3083 1004 3158 episeopis
1026 3085 1158 3156 mandat,
1182 3091 1216 3143 at
1237 3085 1344 3161 fratres

175 3192 208 3251 dc
237 3191 419 3268 Villafranoa
441 3191 478 3248 ab
501 3190 628 3266 a'ajarr'r's
646 3190 754 3264 papali
776 3190 875 3265 epotas
898 3191 1151 3251 attrectabantur.

224 3310 296 3365 Bibl.
314 3315 372 3364 nat.
391 3309 478 3363 Paris.
498 3309 568 3364 Goll.
587 3308 703 3363 Moreau
723 3309 783 3362 283.
809 3308 856 3388 fol.
877 3310 937 3365 160.
965 3309 1045 3380 copia
1063 3326 1087 3364 a.
1107 3309 1185 3365 1780.

150 3469 304 3536 Urbanus
328 3471 499 3553 episcopus
524 3490 635 3533 servus
660 3489 826 3533 servorum
844 3467 907 3533 Dei
925 3469 1165 3534 venerabilibus
1188 3469 1345 3535 fratribus
1368 3475 1523 3536 1185--86

59 3578 280 3660 Legionensi3
299 3583 332 3641 et
349 3575 595 3642 sistaricensib4
619 3575 779 3658 episcopis
804 3576 942 3640 salutem
962 3582 996 3640 et
1014 3577 1226 3659 apostolicam
1248 3576 1345 3641 bene·
1378 3565 1445 3624 Dess'·
1460 3566 1510 3624 15·

60 3683 248 3749 dictionem.
286 3682 440 3747 Pervenit
459 3682 501 3746 ad
520 3703 578 3746 nos
598 3702 638 3745 ex
661 3682 892 3763 conquestione
915 3683 1033 3765 prioris
1058 3689 1091 3747 et
1112 3683 1251 3747 fratrum
1275 3705 1345 3748 coe·

61 3790 153 3856 nobii
178 3789 217 3854 de
231 3789 442 3870 Villafranca,
468 3788 555 3870 quod
574 3787 712 3871 populus
732 3788 834 3870 ipsius
854 3789 960 3871 villae,
986 3791 1041 3872 qui
1066 3790 1112 3854 eis
1137 3796 1187 3854 est
1211 3811 1250 3854 ex
1272 3812 1346 3874 par·
1453 3668 1544 3945 s

60 3896 200 3963 rochiali
232 3897 302 3961 iura
335 3896 516 3977 subiectus,
551 3895 692 3959 decimas
727 3901 760 3958 et
792 3895 858 3959 alia
885 3897 958 3959 iura
986 3897 1032 3960 eis
1059 3897 1093 3959 in
1117 3898 1244 3961 animae
1268 3917 1347 3960 suae

61 4003 244 4088 periculum
268 4002 459 4067 subtrahere
484 4024 548 4066 uon
570 4008 732 4065 verentur.
779 4001 957 4066 Praeterea
981 4004 1110 4086 saepius
1133 4005 1273 4086 propriis
1297 4024 1346 4067 ec-

62 4108 172 4174 clesiis
201 4130 239 4173 ac
264 4109 486 4173 sacerdotibus
521 4108 685 4172 derelictis
718 4109 752 4170 in
784 4108 1022 4191 praeiudicium
1053 4110 1132 4173 iuris
1166 4131 1277 4174 eorum
1305 4109 1346 4173 ab

62 4216 228 4280 extraneis
251 4215 442 4299 presbiteris
467 4215 577 4279 divina
595 4221 717 4279 temere
736 4216 920 4297 percipiunt
940 4222 1153 4281 sacramenta.
1191 4215 1347 4280 Volentes

61 4323 164 4404 igitur
193 4322 315 4386 eisdem
343 4322 445 4404 priori
477 4327 511 4385 et
543 4317 699 4386 fratribus
727 4322 760 4383 in
794 4343 851 4386 suo
884 4322 953 4386 iure
986 4322 1113 4403 adesse,
1147 4321 1346 4387 fraternitati

94 4532 96 4537 ·
153 4505 165 4530 ⁸
183 4520 216 4550 ao
233 4502 366 4551 iussionis?
385 4505 505 4551 Bresstaa.
578 4497 591 4530 b
609 4502 771 4564 Legionensis
789 4505 815 4550 et
832 4502 999 4552 Astoricensis
1016 4521 1036 4551 e.

154 4605 390 4673 11101111110.
464 4605 592 4660 12001.
612 4605 637 4672 9,
656 4607 681 4660 6.
756 4604 918 4660 ⁸Manrico.
992 4604 1208 4662 ⁴Ferdinando.

1082 4695 1133 4750 15*
