<?xml version="1.0" encoding="UTF-8"?>
<!DOCTYPE html PUBLIC "-//W3C//DTD XHTML 1.0 Transitional//EN"
    "http://www.w3.org/TR/xhtml1/DTD/xhtml1-transitional.dtd">
<html xmlns="http://www.w3.org/1999/xhtml" xml:lang="en" lang="en">
 <head>
  <title>
</title>
<meta http-equiv="Content-Type" content="text/html;charset=utf-8" />
  <meta name='ocr-system' content='tesseract 3.04.00' />
  <meta name='ocr-capabilities' content='ocr_page ocr_carea ocr_par ocr_line ocrx_word'/>
</head>
<body>
  <div class='ocr_page' id='page_1' title='image "./epistolaepontif00popegoog/epistolaepontif00popegoog_0178.png"; bbox 0 0 3098 5056; ppageno 0'>
   <div class='ocr_carea' id='block_1_1' title="bbox 413 246 1336 326">
    <p class='ocr_par' dir='ltr' id='par_1_1' title="bbox 413 246 1336 326">
     <span class='ocr_line' id='line_1_1' title="bbox 413 246 1336 326; baseline -0.003 -2"><span class='ocrx_word' id='word_1_1' title='bbox 413 246 603 325; x_wconf 74' lang='lat' dir='ltr'>Auuxsnuar</span> <span class='ocrx_word' id='word_1_2' title='bbox 621 285 658 325; x_wconf 89' lang='lat'>111</span> <span class='ocrx_word' id='word_1_3' title='bbox 676 285 844 326; x_wconf 76' lang='grc'><strong>1111111111</strong></span> <span class='ocrx_word' id='word_1_4' title='bbox 862 273 922 326; x_wconf 80' lang='grc'><strong>281.</strong></span> <span class='ocrx_word' id='word_1_5' title='bbox 942 273 994 326; x_wconf 84' lang='grc'>282</span> <span class='ocrx_word' id='word_1_6' title='bbox 1277 261 1336 322; x_wconf 87' lang='grc'>161</span> 
     </span>
    </p>
   </div>
   <div class='ocr_carea' id='block_1_2' title="bbox 61 436 1340 839">
    <p class='ocr_par' dir='ltr' id='par_1_2' title="bbox 61 436 1340 726">
     <span class='ocr_line' id='line_1_2' title="bbox 61 436 1340 515; baseline -0.002 -15"><span class='ocrx_word' id='word_1_7' title='bbox 61 437 143 501; x_wconf 85' lang='grc'><strong>281.</strong></span> <span class='ocrx_word' id='word_1_8' title='bbox 174 436 411 496; x_wconf 68' lang='grc'><strong>1111111111</strong></span> <span class='ocrx_word' id='word_1_9' title='bbox 429 436 586 512; x_wconf 70' lang='lat' dir='ltr'>Neposims</span> <span class='ocrx_word' id='word_1_10' title='bbox 608 436 764 513; x_wconf 46' lang='lat' dir='ltr'>sanificet,</span> <span class='ocrx_word' id='word_1_11' title='bbox 783 437 1006 512; x_wconf 78' lang='lat' dir='ltr'>prohibiturum</span> <span class='ocrx_word' id='word_1_12' title='bbox 1028 457 1058 496; x_wconf 87' lang='lat' dir='ltr'>se</span> <span class='ocrx_word' id='word_1_13' title='bbox 1080 457 1151 511; x_wconf 86' lang='lat' dir='ltr'>esse,</span> <span class='ocrx_word' id='word_1_14' title='bbox 1180 440 1340 515; x_wconf 76' lang='lat' dir='ltr'><em>quominus</em></span> 
     </span>
     <span class='ocr_line' id='line_1_3' title="bbox 168 542 1339 621; baseline 0.003 -19"><span class='ocrx_word' id='word_1_15' title='bbox 168 561 226 618; x_wconf 79' lang='lat' dir='ltr'>pro</span> <span class='ocrx_word' id='word_1_16' title='bbox 244 542 358 602; x_wconf 73' lang='grc'><strong>11111111</strong></span> <span class='ocrx_word' id='word_1_17' title='bbox 374 543 599 602; x_wconf 77' lang='lat' dir='ltr'>Viterbioasibas</span> <span class='ocrx_word' id='word_1_18' title='bbox 616 544 757 618; x_wconf 81' lang='lat' dir='ltr'>praestito</span> <span class='ocrx_word' id='word_1_19' title='bbox 781 563 800 602; x_wconf 84' lang='lat' dir='ltr'>a</span> <span class='ocrx_word' id='word_1_20' title='bbox 822 544 953 603; x_wconf 81' lang='lat' dir='ltr'>Conrado</span> <span class='ocrx_word' id='word_1_21' title='bbox 972 545 1006 603; x_wconf 80' lang='lat' dir='ltr'>dc</span> <span class='ocrx_word' id='word_1_22' title='bbox 1024 545 1229 621; x_wconf 79' lang='lat' dir='ltr'>Montesuroto</span> <span class='ocrx_word' id='word_1_23' title='bbox 1251 546 1339 605; x_wconf 69' lang='lat' dir='ltr'>niolo</span> 
     </span>
     <span class='ocr_line' id='line_1_4' title="bbox 173 650 445 726; baseline -0.007 -17"><span class='ocrx_word' id='word_1_24' title='bbox 173 650 241 710; x_wconf 81' lang='lat' dir='ltr'>stiis</span> <span class='ocrx_word' id='word_1_25' title='bbox 263 650 445 726; x_wconf 71' lang='lat' dir='ltr'>officiuntur.</span> 
     </span>
    </p>

    <p class='ocr_par' dir='ltr' id='par_1_3' title="bbox 386 766 1016 839">
     <span class='ocr_line' id='line_1_5' title="bbox 386 766 1016 839; baseline 0.005 -18"><span class='ocrx_word' id='word_1_26' title='bbox 386 766 454 838; x_wconf 82' lang='lat' dir='ltr'>Reg.</span> <span class='ocrx_word' id='word_1_27' title='bbox 474 767 553 821; x_wconf 83' lang='lat' dir='ltr'><strong>Alex.</strong></span> <span class='ocrx_word' id='word_1_28' title='bbox 573 766 672 838; x_wconf 79' lang='lat' dir='ltr'>fragm.</span> <span class='ocrx_word' id='word_1_29' title='bbox 691 784 734 839; x_wconf 88' lang='lat' dir='ltr'>ep.</span> <span class='ocrx_word' id='word_1_30' title='bbox 753 769 797 835; x_wconf 80' lang='lat'>47,</span> <span class='ocrx_word' id='word_1_31' title='bbox 815 768 832 822; x_wconf 94' lang='lat' dir='ltr'>l.</span> <span class='ocrx_word' id='word_1_32' title='bbox 852 768 869 822; x_wconf 93' lang='lat' dir='ltr'>l.</span> <span class='ocrx_word' id='word_1_33' title='bbox 889 768 936 824; x_wconf 87' lang='lat' dir='ltr'>fol.</span> <span class='ocrx_word' id='word_1_34' title='bbox 958 770 1016 824; x_wconf 83' lang='lat'>123.</span> 
     </span>
    </p>
   </div>
   <div class='ocr_carea' id='block_1_3' title="bbox 61 926 1455 2181">
    <p class='ocr_par' dir='ltr' id='par_1_4' title="bbox 61 926 1455 2181">
     <span class='ocr_line' id='line_1_6' title="bbox 150 926 1455 1014; baseline 0.006 -20"><span class='ocrx_word' id='word_1_35' title='bbox 150 930 333 1014; x_wconf 83' lang='lat' dir='ltr'>Episcopo1</span> <span class='ocrx_word' id='word_1_36' title='bbox 375 932 407 992; x_wconf 91' lang='lat' dir='ltr'>et</span> <span class='ocrx_word' id='word_1_37' title='bbox 449 927 575 990; x_wconf 91' lang='lat' dir='ltr'>dilectis</span> <span class='ocrx_word' id='word_1_38' title='bbox 608 926 683 990; x_wconf 87' lang='lat' dir='ltr'>filiis</span> <span class='ocrx_word' id='word_1_39' title='bbox 721 929 906 994; x_wconf 89' lang='lat' dir='ltr'>consulibus</span> <span class='ocrx_word' id='word_1_40' title='bbox 943 936 976 994; x_wconf 89' lang='lat' dir='ltr'>et</span> <span class='ocrx_word' id='word_1_41' title='bbox 1007 931 1127 1014; x_wconf 88' lang='lat' dir='ltr'>populo</span> <span class='ocrx_word' id='word_1_42' title='bbox 1159 930 1339 1014; x_wconf 85' lang='lat' dir='ltr'>Nepesinis.</span> <span class='ocrx_word' id='word_1_43' title='bbox 1361 941 1455 1002; x_wconf 84' lang='lat'>1178.</span> 
     </span>
     <span class='ocr_line' id='line_1_7' title="bbox 62 1034 1338 1123; baseline -0.002 -19"><span class='ocrx_word' id='word_1_44' title='bbox 62 1038 215 1123; x_wconf 89' lang='lat' dir='ltr'>Receptis</span> <span class='ocrx_word' id='word_1_45' title='bbox 238 1040 344 1099; x_wconf 88' lang='lat' dir='ltr'>vestre</span> <span class='ocrx_word' id='word_1_46' title='bbox 372 1034 551 1099; x_wconf 89' lang='lat' dir='ltr'>devotionis</span> <span class='ocrx_word' id='word_1_47' title='bbox 583 1034 711 1115; x_wconf 91' lang='lat' dir='ltr'>litteris,</span> <span class='ocrx_word' id='word_1_48' title='bbox 745 1056 784 1099; x_wconf 86' lang='lat' dir='ltr'>ex</span> <span class='ocrx_word' id='word_1_49' title='bbox 817 1057 928 1100; x_wconf 89' lang='lat' dir='ltr'>earum</span> <span class='ocrx_word' id='word_1_50' title='bbox 960 1042 1072 1102; x_wconf 89' lang='lat' dir='ltr'>tenore</span> <span class='ocrx_word' id='word_1_51' title='bbox 1100 1037 1338 1121; x_wconf 89' lang='lat' dir='ltr'>perpendimus,</span> 
     </span>
     <span class='ocr_line' id='line_1_8' title="bbox 64 1139 1340 1228; baseline -0.002 -18"><span class='ocrx_word' id='word_1_52' title='bbox 64 1145 159 1228; x_wconf 87' lang='lat' dir='ltr'>quod,</span> <span class='ocrx_word' id='word_1_53' title='bbox 194 1145 271 1226; x_wconf 91' lang='lat' dir='ltr'>quia</span> <span class='ocrx_word' id='word_1_54' title='bbox 303 1141 453 1205; x_wconf 90' lang='lat' dir='ltr'>fidelibus</span> <span class='ocrx_word' id='word_1_55' title='bbox 485 1141 605 1205; x_wconf 89' lang='lat' dir='ltr'>uostris</span> <span class='ocrx_word' id='word_1_56' title='bbox 629 1139 889 1206; x_wconf 88' lang='lat' dir='ltr'>Viterbiensibus</span> <span class='ocrx_word' id='word_1_57' title='bbox 917 1142 958 1206; x_wconf 93' lang='lat' dir='ltr'>ad</span> <span class='ocrx_word' id='word_1_58' title='bbox 981 1143 1170 1208; x_wconf 88' lang='lat' dir='ltr'>mandatum</span> <span class='ocrx_word' id='word_1_59' title='bbox 1193 1150 1340 1209; x_wconf 89' lang='lat' dir='ltr'>nostrum</span> 
     </span>
     <span class='ocr_line' id='line_1_9' title="bbox 63 1245 1341 1328; baseline -0.002 -11"><span class='ocrx_word' id='word_1_60' title='bbox 63 1254 148 1317; x_wconf 91' lang='lat' dir='ltr'>sicut</span> <span class='ocrx_word' id='word_1_61' title='bbox 170 1250 279 1315; x_wconf 82' lang='lat' dir='ltr'>decuit</span> <span class='ocrx_word' id='word_1_62' title='bbox 298 1247 460 1328; x_wconf 89' lang='lat' dir='ltr'>astitistis,</span> <span class='ocrx_word' id='word_1_63' title='bbox 485 1245 810 1311; x_wconf 73' lang='grc'>1111111111111101112</span> <span class='ocrx_word' id='word_1_64' title='bbox 834 1269 868 1312; x_wconf 90' lang='lat' dir='ltr'>se</span> <span class='ocrx_word' id='word_1_65' title='bbox 894 1249 1060 1314; x_wconf 80' lang='lat' dir='ltr'>molestias</span> <span class='ocrx_word' id='word_1_66' title='bbox 1084 1251 1175 1315; x_wconf 89' lang='lat' dir='ltr'>vobis</span> <span class='ocrx_word' id='word_1_67' title='bbox 1198 1252 1341 1315; x_wconf 89' lang='lat' dir='ltr'>minatur</span> 
     </span>
     <span class='ocr_line' id='line_1_10' title="bbox 63 1352 1341 1442; baseline -0.003 -18"><span class='ocrx_word' id='word_1_68' title='bbox 63 1366 96 1424; x_wconf 93' lang='lat' dir='ltr'>et</span> <span class='ocrx_word' id='word_1_69' title='bbox 117 1356 308 1442; x_wconf 84' lang='lat' dir='ltr'>gravamina</span> <span class='ocrx_word' id='word_1_70' title='bbox 330 1354 506 1418; x_wconf 90' lang='lat' dir='ltr'>illaturum.</span> <span class='ocrx_word' id='word_1_71' title='bbox 553 1352 675 1417; x_wconf 86' lang='lat' dir='ltr'>Verum</span> <span class='ocrx_word' id='word_1_72' title='bbox 708 1355 784 1435; x_wconf 91' lang='lat' dir='ltr'>quia</span> <span class='ocrx_word' id='word_1_73' title='bbox 814 1364 879 1419; x_wconf 85' lang='lat' dir='ltr'>non&#39;</span> <span class='ocrx_word' id='word_1_74' title='bbox 912 1354 1004 1421; x_wconf 89' lang='lat' dir='ltr'>decet</span> <span class='ocrx_word' id='word_1_75' title='bbox 1035 1377 1094 1420; x_wconf 90' lang='lat' dir='ltr'>nos</span> <span class='ocrx_word' id='word_1_76' title='bbox 1121 1357 1156 1420; x_wconf 90' lang='lat' dir='ltr'>in</span> <span class='ocrx_word' id='word_1_77' title='bbox 1181 1357 1341 1441; x_wconf 92' lang='lat' dir='ltr'>patientia</span> 
     </span>
     <span class='ocr_line' id='line_1_11' title="bbox 63 1457 1340 1545; baseline -0.004 -14"><span class='ocrx_word' id='word_1_78' title='bbox 63 1466 233 1545; x_wconf 88' lang='lat' dir='ltr'>sustinere,</span> <span class='ocrx_word' id='word_1_79' title='bbox 257 1467 295 1525; x_wconf 92' lang='lat' dir='ltr'>ut</span> <span class='ocrx_word' id='word_1_80' title='bbox 316 1482 373 1526; x_wconf 86' lang='lat' dir='ltr'>vos</span> <span class='ocrx_word' id='word_1_81' title='bbox 398 1464 430 1524; x_wconf 88' lang='lat' dir='ltr'>et</span> <span class='ocrx_word' id='word_1_82' title='bbox 453 1459 509 1523; x_wconf 92' lang='lat' dir='ltr'>alii</span> <span class='ocrx_word' id='word_1_83' title='bbox 528 1457 640 1522; x_wconf 89' lang='lat' dir='ltr'>fideles</span> <span class='ocrx_word' id='word_1_84' title='bbox 659 1460 762 1523; x_wconf 90' lang='lat' dir='ltr'>nostri</span> <span class='ocrx_word' id='word_1_85' title='bbox 780 1482 839 1542; x_wconf 93' lang='lat' dir='ltr'>pro</span> <span class='ocrx_word' id='word_1_86' title='bbox 858 1463 1026 1527; x_wconf 80' lang='lat' dir='ltr'>occasione</span> <span class='ocrx_word' id='word_1_87' title='bbox 1044 1468 1155 1528; x_wconf 90' lang='lat' dir='ltr'>nostre</span> <span class='ocrx_word' id='word_1_88' title='bbox 1173 1463 1340 1527; x_wconf 85' lang='lat' dir='ltr'>fidelitatis</span> 
     </span>
     <span class='ocr_line' id='line_1_12' title="bbox 62 1566 1340 1651; baseline -0.003 -13"><span class='ocrx_word' id='word_1_89' title='bbox 62 1573 103 1638; x_wconf 93' lang='lat' dir='ltr'>ab</span> <span class='ocrx_word' id='word_1_90' title='bbox 135 1571 209 1635; x_wconf 91' lang='lat' dir='ltr'>aliis</span> <span class='ocrx_word' id='word_1_91' title='bbox 241 1568 469 1646; x_wconf 77' lang='lat' dir='ltr'>molestentur,</span> <span class='ocrx_word' id='word_1_92' title='bbox 502 1566 706 1629; x_wconf 82' lang='lat' dir='ltr'>universitati</span> <span class='ocrx_word' id='word_1_93' title='bbox 738 1573 844 1631; x_wconf 81' lang='lat' dir='ltr'>vestre</span> <span class='ocrx_word' id='word_1_94' title='bbox 876 1571 1074 1651; x_wconf 89' lang='lat' dir='ltr'>presentium</span> <span class='ocrx_word' id='word_1_95' title='bbox 1107 1567 1340 1651; x_wconf 84' lang='lat' dir='ltr'>significatione</span> 
     </span>
     <span class='ocr_line' id='line_1_13' title="bbox 61 1671 1420 1759; baseline -0.002 -16"><span class='ocrx_word' id='word_1_96' title='bbox 61 1677 266 1756; x_wconf 91' lang='lat' dir='ltr'>mandamus,</span> <span class='ocrx_word' id='word_1_97' title='bbox 291 1674 377 1757; x_wconf 94' lang='lat' dir='ltr'>quod</span> <span class='ocrx_word' id='word_1_98' title='bbox 399 1671 546 1754; x_wconf 87' lang='lat' dir='ltr'>praefato</span> <span class='ocrx_word' id='word_1_99' title='bbox 575 1671 754 1736; x_wconf 89' lang='lat' dir='ltr'>marchioni</span> <span class='ocrx_word' id='word_1_100' title='bbox 777 1672 923 1738; x_wconf 91' lang='lat' dir='ltr'>districte</span> <span class='ocrx_word' id='word_1_101' title='bbox 951 1675 1136 1739; x_wconf 83' lang='lat' dir='ltr'>curabimus</span> <span class='ocrx_word' id='word_1_102' title='bbox 1158 1676 1339 1759; x_wconf 90' lang='lat' dir='ltr'>prohibere,</span> <span class='ocrx_word' id='word_1_103' title='bbox 1417 1739 1420 1746; x_wconf 84' lang='grc'>,</span> 
     </span>
     <span class='ocr_line' id='line_1_14' title="bbox 61 1777 1338 1866; baseline -0.002 -18"><span class='ocrx_word' id='word_1_104' title='bbox 61 1806 102 1850; x_wconf 90' lang='lat' dir='ltr'>ne</span> <span class='ocrx_word' id='word_1_105' title='bbox 128 1805 226 1866; x_wconf 90' lang='lat' dir='ltr'>quam</span> <span class='ocrx_word' id='word_1_106' title='bbox 248 1780 340 1845; x_wconf 83' lang='lat' dir='ltr'>vobis</span> <span class='ocrx_word' id='word_1_107' title='bbox 362 1778 547 1844; x_wconf 85' lang='lat' dir='ltr'>molestiam</span> <span class='ocrx_word' id='word_1_108' title='bbox 570 1778 689 1842; x_wconf 87' lang='lat' dir='ltr'>inferat</span> <span class='ocrx_word' id='word_1_109' title='bbox 710 1777 762 1842; x_wconf 85' lang='lat' dir='ltr'>vel</span> <span class='ocrx_word' id='word_1_110' title='bbox 785 1799 969 1862; x_wconf 83' lang='lat' dir='ltr'>gravamen,</span> <span class='ocrx_word' id='word_1_111' title='bbox 990 1787 1022 1844; x_wconf 87' lang='lat' dir='ltr'>et</span> <span class='ocrx_word' id='word_1_112' title='bbox 1045 1782 1073 1844; x_wconf 92' lang='lat' dir='ltr'>si</span> <span class='ocrx_word' id='word_1_113' title='bbox 1094 1786 1209 1845; x_wconf 89' lang='lat' dir='ltr'>contra</span> <span class='ocrx_word' id='word_1_114' title='bbox 1232 1782 1338 1865; x_wconf 90' lang='lat' dir='ltr'>prohi-</span> 
     </span>
     <span class='ocr_line' id='line_1_15' title="bbox 61 1884 1340 1969; baseline -0.002 -14"><span class='ocrx_word' id='word_1_115' title='bbox 61 1891 220 1955; x_wconf 89' lang='lat' dir='ltr'>bitionem</span> <span class='ocrx_word' id='word_1_116' title='bbox 243 1893 405 1968; x_wconf 90' lang='lat' dir='ltr'>nostram,</span> <span class='ocrx_word' id='word_1_117' title='bbox 439 1885 525 1969; x_wconf 89' lang='lat' dir='ltr'>quod</span> <span class='ocrx_word' id='word_1_118' title='bbox 549 1907 612 1950; x_wconf 89' lang='lat' dir='ltr'>non</span> <span class='ocrx_word' id='word_1_119' title='bbox 636 1884 812 1966; x_wconf 91' lang='lat' dir='ltr'>credimus,</span> <span class='ocrx_word' id='word_1_120' title='bbox 844 1887 953 1950; x_wconf 85' lang='lat' dir='ltr'>venire</span> <span class='ocrx_word' id='word_1_121' title='bbox 977 1889 1197 1969; x_wconf 83' lang='lat' dir='ltr'>temptaverit,</span> <span class='ocrx_word' id='word_1_122' title='bbox 1223 1909 1340 1952; x_wconf 91' lang='lat' dir='ltr'>euma</span> 
     </span>
     <span class='ocr_line' id='line_1_16' title="bbox 62 1990 1340 2079; baseline -0.002 -18"><span class='ocrx_word' id='word_1_123' title='bbox 62 2019 122 2061; x_wconf 92' lang='lat' dir='ltr'>suo</span> <span class='ocrx_word' id='word_1_124' title='bbox 144 1994 311 2079; x_wconf 89' lang='lat' dir='ltr'>proposito</span> <span class='ocrx_word' id='word_1_125' title='bbox 334 1993 445 2057; x_wconf 89' lang='lat' dir='ltr'>taliter</span> <span class='ocrx_word' id='word_1_126' title='bbox 468 1996 600 2056; x_wconf 90' lang='lat' dir='ltr'>auctore</span> <span class='ocrx_word' id='word_1_127' title='bbox 622 1990 763 2056; x_wconf 92' lang='lat' dir='ltr'>Domino</span> <span class='ocrx_word' id='word_1_128' title='bbox 785 1991 998 2074; x_wconf 81' lang='lat' dir='ltr'>retrahemus,</span> <span class='ocrx_word' id='word_1_129' title='bbox 1023 1993 1109 2075; x_wconf 94' lang='lat' dir='ltr'>quod</span> <span class='ocrx_word' id='word_1_130' title='bbox 1133 1996 1340 2060; x_wconf 84' lang='lat' dir='ltr'>avexatione</span> 
     </span>
     <span class='ocr_line' id='line_1_17' title="bbox 61 2095 1350 2181; baseline 0.001 -15"><span class='ocrx_word' id='word_1_131' title='bbox 61 2109 172 2168; x_wconf 83' lang='lat' dir='ltr'>vestra</span> <span class='ocrx_word' id='word_1_132' title='bbox 180 2101 315 2166; x_wconf 89' lang='lat' dir='ltr'>desistet</span> <span class='ocrx_word' id='word_1_133' title='bbox 325 2105 357 2163; x_wconf 93' lang='lat' dir='ltr'>et</span> <span class='ocrx_word' id='word_1_134' title='bbox 367 2098 448 2164; x_wconf 91' lang='lat' dir='ltr'>alios</span> <span class='ocrx_word' id='word_1_135' title='bbox 464 2095 575 2161; x_wconf 84' lang='lat' dir='ltr'>fideles</span> <span class='ocrx_word' id='word_1_136' title='bbox 589 2103 717 2162; x_wconf 90' lang='lat' dir='ltr'>nostros</span> <span class='ocrx_word' id='word_1_137' title='bbox 731 2120 797 2163; x_wconf 91' lang='lat' dir='ltr'>non</span> <span class='ocrx_word' id='word_1_138' title='bbox 810 2105 995 2181; x_wconf 89' lang='lat' dir='ltr'>praesumet</span> <span class='ocrx_word' id='word_1_139' title='bbox 1007 2099 1142 2164; x_wconf 90' lang='lat' dir='ltr'>ulterius</span> <span class='ocrx_word' id='word_1_140' title='bbox 1157 2100 1350 2167; x_wconf 90' lang='lat' dir='ltr'>molestare..</span> 
     </span>
    </p>
   </div>
   <div class='ocr_carea' id='block_1_4' title="bbox 62 2474 1339 2551">
    <p class='ocr_par' dir='ltr' id='par_1_5' title="bbox 62 2474 1339 2551">
     <span class='ocr_line' id='line_1_18' title="bbox 62 2474 1339 2551; baseline -0.005 -8"><span class='ocrx_word' id='word_1_141' title='bbox 62 2478 150 2544; x_wconf 83' lang='lat'>282.</span> <span class='ocrx_word' id='word_1_142' title='bbox 173 2477 337 2538; x_wconf 74' lang='lat' dir='ltr'>Abuoruler</span> <span class='ocrx_word' id='word_1_143' title='bbox 359 2476 410 2534; x_wconf 86' lang='grc' dir='ltr'>ΠΙ</span> <span class='ocrx_word' id='word_1_144' title='bbox 443 2474 615 2534; x_wconf 78' lang='lat' dir='ltr'>Christiano</span> <span class='ocrx_word' id='word_1_145' title='bbox 642 2475 816 2551; x_wconf 81' lang='lat' dir='ltr'>Mopantiao</span> <span class='ocrx_word' id='word_1_146' title='bbox 843 2477 979 2550; x_wconf 81' lang='lat' dir='ltr'>mundat,</span> <span class='ocrx_word' id='word_1_147' title='bbox 1007 2482 1041 2535; x_wconf 81' lang='lat' dir='ltr'>at</span> <span class='ocrx_word' id='word_1_148' title='bbox 1067 2477 1238 2536; x_wconf 77' lang='lat' dir='ltr'>luminibus</span> <span class='ocrx_word' id='word_1_149' title='bbox 1264 2478 1339 2551; x_wconf 82' lang='lat' dir='ltr'>suis,</span> 
     </span>
    </p>
   </div>
   <div class='ocr_carea' id='block_1_5' title="bbox 174 2581 1340 2878">
    <p class='ocr_par' dir='ltr' id='par_1_6' title="bbox 174 2581 1340 2878">
     <span class='ocr_line' id='line_1_19' title="bbox 176 2581 1340 2662; baseline -0.001 -18"><span class='ocrx_word' id='word_1_150' title='bbox 176 2586 228 2662; x_wconf 81' lang='lat' dir='ltr'>qai</span> <span class='ocrx_word' id='word_1_151' title='bbox 249 2583 376 2643; x_wconf 80' lang='lat' dir='ltr'>nobilem</span> <span class='ocrx_word' id='word_1_152' title='bbox 403 2601 438 2640; x_wconf 79' lang='lat' dir='ltr'>ex</span> <span class='ocrx_word' id='word_1_153' title='bbox 464 2581 584 2658; x_wconf 79' lang='lat' dir='ltr'>familia</span> <span class='ocrx_word' id='word_1_154' title='bbox 606 2582 729 2641; x_wconf 71' lang='lat' dir='ltr'>Hauriat</span> <span class='ocrx_word' id='word_1_155' title='bbox 755 2583 788 2641; x_wconf 83' lang='lat' dir='ltr'>da</span> <span class='ocrx_word' id='word_1_156' title='bbox 817 2583 847 2642; x_wconf 81' lang='lat' dir='ltr'>S.</span> <span class='ocrx_word' id='word_1_157' title='bbox 871 2583 1030 2642; x_wconf 71' lang='lat' dir='ltr'>lbutuobio</span> <span class='ocrx_word' id='word_1_158' title='bbox 1057 2584 1207 2643; x_wconf 77' lang='lat' dir='ltr'>inhoneste</span> <span class='ocrx_word' id='word_1_159' title='bbox 1237 2590 1340 2644; x_wconf 69' lang='lat' dir='ltr'>trau</span> 
     </span>
     <span class='ocr_line' id='line_1_20' title="bbox 174 2688 756 2764; baseline -0.003 -15"><span class='ocrx_word' id='word_1_160' title='bbox 174 2690 277 2763; x_wconf 68' lang='lat' dir='ltr'>uniat,</span> <span class='ocrx_word' id='word_1_161' title='bbox 300 2689 475 2764; x_wconf 56' lang='lat' dir='ltr'>coadunent</span> <span class='ocrx_word' id='word_1_162' title='bbox 492 2706 622 2762; x_wconf 83' lang='lat' dir='ltr'>poenam</span> <span class='ocrx_word' id='word_1_163' title='bbox 644 2688 756 2764; x_wconf 74' lang='lat' dir='ltr'>irrepet.</span> 
     </span>
     <span class='ocr_line' id='line_1_21' title="bbox 383 2806 1027 2878; baseline 0.005 -18"><span class='ocrx_word' id='word_1_164' title='bbox 383 2807 451 2878; x_wconf 82' lang='lat' dir='ltr'>Reg.</span> <span class='ocrx_word' id='word_1_165' title='bbox 470 2807 549 2861; x_wconf 85' lang='lat' dir='ltr'>Alex.</span> <span class='ocrx_word' id='word_1_166' title='bbox 569 2806 668 2878; x_wconf 85' lang='lat' dir='ltr'>fragm.</span> <span class='ocrx_word' id='word_1_167' title='bbox 687 2824 730 2878; x_wconf 90' lang='lat' dir='ltr'>ep.</span> <span class='ocrx_word' id='word_1_168' title='bbox 749 2807 793 2875; x_wconf 86' lang='lat'>48,</span> <span class='ocrx_word' id='word_1_169' title='bbox 812 2807 830 2861; x_wconf 93' lang='lat' dir='ltr'>l.</span> <span class='ocrx_word' id='word_1_170' title='bbox 849 2807 868 2861; x_wconf 93' lang='lat' dir='ltr'>l.</span> <span class='ocrx_word' id='word_1_171' title='bbox 887 2807 934 2862; x_wconf 90' lang='lat' dir='ltr'>fol.</span> <span class='ocrx_word' id='word_1_172' title='bbox 955 2809 1027 2863; x_wconf 66' lang='lat'>12311.</span> 
     </span>
    </p>
   </div>
   <div class='ocr_carea' id='block_1_6' title="bbox 61 2967 1457 4220">
    <p class='ocr_par' dir='ltr' id='par_1_7' title="bbox 61 2967 1457 4220">
     <span class='ocr_line' id='line_1_22' title="bbox 152 2967 1457 3052; baseline 0.005 -19"><span class='ocrx_word' id='word_1_173' title='bbox 152 2968 361 3052; x_wconf 76' lang='lat' dir='ltr'>Magantino⁸</span> <span class='ocrx_word' id='word_1_174' title='bbox 385 2967 654 3051; x_wconf 77' lang='lat' dir='ltr'>archiepiscopo.3</span> <span class='ocrx_word' id='word_1_175' title='bbox 698 2967 953 3032; x_wconf 85' lang='lat' dir='ltr'>Fraternitatem</span> <span class='ocrx_word' id='word_1_176' title='bbox 978 2974 1070 3033; x_wconf 90' lang='lat' dir='ltr'>tuam</span> <span class='ocrx_word' id='word_1_177' title='bbox 1093 2969 1253 3034; x_wconf 88' lang='lat' dir='ltr'>credimus</span> <span class='ocrx_word' id='word_1_178' title='bbox 1276 2980 1457 3040; x_wconf 82' lang='lat' dir='ltr'>non1178.</span> 
     </span>
     <span class='ocr_line' id='line_1_23' title="bbox 61 3071 1340 3158; baseline -0.002 -17"><span class='ocrx_word' id='word_1_179' title='bbox 61 3079 176 3158; x_wconf 88' lang='lat' dir='ltr'>latere,</span> <span class='ocrx_word' id='word_1_180' title='bbox 211 3080 331 3158; x_wconf 90' lang='lat' dir='ltr'>quante</span> <span class='ocrx_word' id='word_1_181' title='bbox 364 3073 473 3137; x_wconf 90' lang='lat' dir='ltr'>dilecti</span> <span class='ocrx_word' id='word_1_182' title='bbox 501 3071 559 3136; x_wconf 92' lang='lat' dir='ltr'>filii</span> <span class='ocrx_word' id='word_1_183' title='bbox 589 3074 691 3139; x_wconf 89' lang='lat' dir='ltr'>nostri</span> <span class='ocrx_word' id='word_1_184' title='bbox 719 3073 844 3138; x_wconf 89' lang='lat' dir='ltr'>nobiles</span> <span class='ocrx_word' id='word_1_185' title='bbox 868 3073 927 3136; x_wconf 87' lang='lat' dir='ltr'>viri</span> <span class='ocrx_word' id='word_1_186' title='bbox 958 3073 1018 3137; x_wconf 89' lang='lat' dir='ltr'>fflii</span> <span class='ocrx_word' id='word_1_187' title='bbox 1041 3080 1074 3138; x_wconf 90' lang='lat' dir='ltr'>et</span> <span class='ocrx_word' id='word_1_188' title='bbox 1096 3081 1229 3157; x_wconf 89' lang='lat' dir='ltr'>nepotes</span> <span class='ocrx_word' id='word_1_189' title='bbox 1252 3075 1340 3140; x_wconf 90' lang='lat' dir='ltr'>Hen-</span> 
     </span>
     <span class='ocr_line' id='line_1_24' title="bbox 63 3177 1341 3269; baseline -0.002 -21"><span class='ocrx_word' id='word_1_190' title='bbox 63 3185 145 3269; x_wconf 87' lang='lat' dir='ltr'>(rici)</span> <span class='ocrx_word' id='word_1_191' title='bbox 169 3182 210 3246; x_wconf 91' lang='lat' dir='ltr'>de</span> <span class='ocrx_word' id='word_1_192' title='bbox 239 3186 352 3245; x_wconf 88' lang='lat' dir='ltr'>sancto</span> <span class='ocrx_word' id='word_1_193' title='bbox 375 3179 554 3245; x_wconf 87' lang='lat' dir='ltr'>Eustachio</span> <span class='ocrx_word' id='word_1_194' title='bbox 579 3185 654 3244; x_wconf 92' lang='lat' dir='ltr'>sunt</span> <span class='ocrx_word' id='word_1_195' title='bbox 676 3179 855 3244; x_wconf 87' lang='lat' dir='ltr'>nobilitatis</span> <span class='ocrx_word' id='word_1_196' title='bbox 887 3179 921 3242; x_wconf 89' lang='grc'>11</span> <span class='ocrx_word' id='word_1_197' title='bbox 943 3177 1032 3243; x_wconf 89' lang='lat' dir='ltr'>Urbe</span> <span class='ocrx_word' id='word_1_198' title='bbox 1060 3186 1093 3243; x_wconf 93' lang='lat' dir='ltr'>et</span> <span class='ocrx_word' id='word_1_199' title='bbox 1120 3187 1278 3262; x_wconf 91' lang='lat' dir='ltr'>quantum</span> <span class='ocrx_word' id='word_1_200' title='bbox 1306 3183 1341 3246; x_wconf 93' lang='lat' dir='ltr'>in</span> 
     </span>
     <span class='ocr_line' id='line_1_25' title="bbox 62 3283 1339 3373; baseline -0.002 -18"><span class='ocrx_word' id='word_1_201' title='bbox 62 3288 333 3373; x_wconf 89' lang='lat' dir='ltr'>temptationibus</span> <span class='ocrx_word' id='word_1_202' title='bbox 357 3287 476 3351; x_wconf 88' lang='lat' dir='ltr'>nostris</span> <span class='ocrx_word' id='word_1_203' title='bbox 500 3293 532 3350; x_wconf 93' lang='lat' dir='ltr'>et</span> <span class='ocrx_word' id='word_1_204' title='bbox 555 3287 688 3351; x_wconf 89' lang='lat' dir='ltr'>ecclesie</span> <span class='ocrx_word' id='word_1_205' title='bbox 712 3286 819 3351; x_wconf 90' lang='lat' dir='ltr'>devoti</span> <span class='ocrx_word' id='word_1_206' title='bbox 838 3285 1005 3349; x_wconf 87' lang='lat' dir='ltr'>extiterint</span> <span class='ocrx_word' id='word_1_207' title='bbox 1023 3291 1056 3349; x_wconf 91' lang='lat' dir='ltr'>et</span> <span class='ocrx_word' id='word_1_208' title='bbox 1073 3283 1195 3352; x_wconf 80' lang='lat' dir='ltr'>fideles</span> <span class='ocrx_word' id='word_1_209' title='bbox 1239 3288 1339 3353; x_wconf 83' lang='lat' dir='ltr'>Acce-</span> 
     </span>
     <span class='ocr_line' id='line_1_26' title="bbox 63 3391 1340 3480; baseline -0.002 -19"><span class='ocrx_word' id='word_1_210' title='bbox 63 3396 170 3480; x_wconf 88' lang='lat' dir='ltr'>pimus</span> <span class='ocrx_word' id='word_1_211' title='bbox 191 3400 310 3476; x_wconf 88' lang='lat' dir='ltr'>autem,</span> <span class='ocrx_word' id='word_1_212' title='bbox 335 3392 574 3476; x_wconf 87' lang='lat' dir='ltr'>quodquidam</span> <span class='ocrx_word' id='word_1_213' title='bbox 599 3393 638 3456; x_wconf 89' lang='lat' dir='ltr'>de</span> <span class='ocrx_word' id='word_1_214' title='bbox 662 3393 726 3456; x_wconf 92' lang='lat' dir='ltr'>tuis</span> <span class='ocrx_word' id='word_1_215' title='bbox 747 3392 878 3457; x_wconf 86' lang='lat' dir='ltr'>devotos</span> <span class='ocrx_word' id='word_1_216' title='bbox 902 3391 1056 3456; x_wconf 89' lang='lat' dir='ltr'>ecclesiae</span> <span class='ocrx_word' id='word_1_217' title='bbox 1080 3391 1163 3479; x_wconf 88' lang='lat' dir='ltr'>filios</span> <span class='ocrx_word' id='word_1_218' title='bbox 1187 3395 1233 3458; x_wconf 90' lang='lat' dir='ltr'>sic</span> <span class='ocrx_word' id='word_1_219' title='bbox 1256 3401 1340 3458; x_wconf 90' lang='lat' dir='ltr'>trac-</span> 
     </span>
     <span class='ocr_line' id='line_1_27' title="bbox 62 3497 1340 3584; baseline -0.003 -16"><span class='ocrx_word' id='word_1_220' title='bbox 62 3509 148 3584; x_wconf 86' lang='lat' dir='ltr'>tent,</span> <span class='ocrx_word' id='word_1_221' title='bbox 181 3507 339 3583; x_wconf 89' lang='lat' dir='ltr'>tauquam</span> <span class='ocrx_word' id='word_1_222' title='bbox 365 3500 484 3563; x_wconf 84' lang='lat' dir='ltr'>vellent</span> <span class='ocrx_word' id='word_1_223' title='bbox 513 3499 660 3581; x_wconf 93' lang='lat' dir='ltr'>—quod</span> <span class='ocrx_word' id='word_1_224' title='bbox 683 3521 748 3564; x_wconf 90' lang='lat' dir='ltr'>non</span> <span class='ocrx_word' id='word_1_225' title='bbox 771 3499 893 3562; x_wconf 87' lang='lat' dir='ltr'>erit-</span> <span class='ocrx_word' id='word_1_226' title='bbox 912 3497 997 3561; x_wconf 87' lang='lat' dir='ltr'>iuter</span> <span class='ocrx_word' id='word_1_227' title='bbox 1023 3520 1081 3563; x_wconf 91' lang='lat' dir='ltr'>nos</span> <span class='ocrx_word' id='word_1_228' title='bbox 1105 3504 1138 3563; x_wconf 89' lang='lat' dir='ltr'>et</span> <span class='ocrx_word' id='word_1_229' title='bbox 1163 3506 1197 3564; x_wconf 92' lang='lat' dir='ltr'>te</span> <span class='ocrx_word' id='word_1_230' title='bbox 1221 3500 1340 3566; x_wconf 88' lang='lat' dir='ltr'>discor-</span> 
     </span>
     <span class='ocr_line' id='line_1_28' title="bbox 65 3603 1340 3688; baseline -0.001 -15"><span class='ocrx_word' id='word_1_231' title='bbox 65 3609 153 3674; x_wconf 89' lang='lat' dir='ltr'>diam</span> <span class='ocrx_word' id='word_1_232' title='bbox 177 3607 347 3671; x_wconf 91' lang='lat' dir='ltr'>seminare.</span> <span class='ocrx_word' id='word_1_233' title='bbox 394 3603 479 3670; x_wconf 79' lang='lat' dir='ltr'>Sane</span> <span class='ocrx_word' id='word_1_234' title='bbox 512 3605 588 3669; x_wconf 91' lang='lat' dir='ltr'>dum</span> <span class='ocrx_word' id='word_1_235' title='bbox 620 3628 703 3669; x_wconf 90' lang='lat' dir='ltr'>uuus</span> <span class='ocrx_word' id='word_1_236' title='bbox 734 3604 953 3688; x_wconf 87' lang='lat' dir='ltr'>predictorum</span> <span class='ocrx_word' id='word_1_237' title='bbox 985 3603 1142 3669; x_wconf 91' lang='lat' dir='ltr'>nobilium</span> <span class='ocrx_word' id='word_1_238' title='bbox 1170 3607 1202 3670; x_wconf 93' lang='lat' dir='ltr'>in</span> <span class='ocrx_word' id='word_1_239' title='bbox 1234 3613 1340 3683; x_wconf 86' lang='lat' dir='ltr'>castro</span> 
     </span>
     <span class='ocr_line' id='line_1_29' title="bbox 64 3710 1339 3795; baseline -0.001 -16"><span class='ocrx_word' id='word_1_240' title='bbox 64 3737 121 3780; x_wconf 89' lang='lat' dir='ltr'>suo</span> <span class='ocrx_word' id='word_1_241' title='bbox 146 3714 348 3794; x_wconf 86' lang='lat' dir='ltr'>consisteret,</span> <span class='ocrx_word' id='word_1_242' title='bbox 373 3711 506 3794; x_wconf 90' lang='lat' dir='ltr'>quidam</span> <span class='ocrx_word' id='word_1_243' title='bbox 528 3711 695 3776; x_wconf 92' lang='lat' dir='ltr'>homiuum</span> <span class='ocrx_word' id='word_1_244' title='bbox 717 3716 857 3792; x_wconf 92' lang='lat' dir='ltr'>tuorum,</span> <span class='ocrx_word' id='word_1_245' title='bbox 881 3714 919 3774; x_wconf 93' lang='lat' dir='ltr'>ut</span> <span class='ocrx_word' id='word_1_246' title='bbox 941 3710 1132 3793; x_wconf 86' lang='lat' dir='ltr'>audivimus,</span> <span class='ocrx_word' id='word_1_247' title='bbox 1155 3713 1262 3795; x_wconf 89' lang='lat' dir='ltr'>ipsum</span> <span class='ocrx_word' id='word_1_248' title='bbox 1287 3714 1339 3778; x_wconf 92' lang='lat' dir='ltr'>de·</span> 
     </span>
     <span class='ocr_line' id='line_1_30' title="bbox 64 3818 1341 3905; baseline -0.003 -19"><span class='ocrx_word' id='word_1_249' title='bbox 64 3826 221 3905; x_wconf 89' lang='lat' dir='ltr'>ponentes</span> <span class='ocrx_word' id='word_1_250' title='bbox 245 3819 284 3883; x_wconf 89' lang='lat' dir='ltr'>de</span> <span class='ocrx_word' id='word_1_251' title='bbox 308 3839 390 3901; x_wconf 90' lang='lat' dir='ltr'>equo</span> <span class='ocrx_word' id='word_1_252' title='bbox 409 3818 577 3882; x_wconf 84' lang='lat' dir='ltr'>inhoneste</span> <span class='ocrx_word' id='word_1_253' title='bbox 602 3823 783 3882; x_wconf 88' lang='lat' dir='ltr'>tractarunt</span> <span class='ocrx_word' id='word_1_254' title='bbox 805 3818 1004 3900; x_wconf 87' lang='lat' dir='ltr'>palliumque</span> <span class='ocrx_word' id='word_1_255' title='bbox 1030 3818 1142 3901; x_wconf 79' lang='lat' dir='ltr'>ipsine,</span> <span class='ocrx_word' id='word_1_256' title='bbox 1167 3819 1253 3900; x_wconf 92' lang='lat' dir='ltr'>quod</span> <span class='ocrx_word' id='word_1_257' title='bbox 1275 3841 1341 3883; x_wconf 90' lang='lat' dir='ltr'>non</span> 
     </span>
     <span class='ocr_line' id='line_1_31' title="bbox 65 3923 1339 4008; baseline -0.002 -16"><span class='ocrx_word' id='word_1_258' title='bbox 65 3927 185 4008; x_wconf 89' lang='lat' dir='ltr'>decuit,</span> <span class='ocrx_word' id='word_1_259' title='bbox 214 3925 381 3989; x_wconf 89' lang='lat' dir='ltr'>laniarunt</span> <span class='ocrx_word' id='word_1_260' title='bbox 412 3931 444 3988; x_wconf 92' lang='lat' dir='ltr'>et</span> <span class='ocrx_word' id='word_1_261' title='bbox 476 3924 575 3988; x_wconf 92' lang='lat' dir='ltr'>armis</span> <span class='ocrx_word' id='word_1_262' title='bbox 609 3924 675 3988; x_wconf 90' lang='lat' dir='ltr'>suis</span> <span class='ocrx_word' id='word_1_263' title='bbox 703 3946 760 4008; x_wconf 92' lang='lat' dir='ltr'>pro</span> <span class='ocrx_word' id='word_1_264' title='bbox 785 3945 841 3987; x_wconf 88' lang='lat' dir='ltr'>sue</span> <span class='ocrx_word' id='word_1_265' title='bbox 865 3924 1040 3988; x_wconf 90' lang='lat' dir='ltr'>voluntatis</span> <span class='ocrx_word' id='word_1_266' title='bbox 1064 3923 1199 3989; x_wconf 92' lang='lat' dir='ltr'>arbitrio</span> <span class='ocrx_word' id='word_1_267' title='bbox 1223 3925 1339 4007; x_wconf 87' lang='lat' dir='ltr'>spolia-</span> 
     </span>
     <span class='ocr_line' id='line_1_32' title="bbox 64 4031 1339 4115; baseline -0.002 -17"><span class='ocrx_word' id='word_1_268' title='bbox 64 4039 155 4112; x_wconf 89' lang='lat' dir='ltr'>ruut;</span> <span class='ocrx_word' id='word_1_269' title='bbox 180 4031 267 4115; x_wconf 92' lang='lat' dir='ltr'>quod</span> <span class='ocrx_word' id='word_1_270' title='bbox 289 4036 380 4096; x_wconf 88' lang='lat' dir='ltr'>tanto</span> <span class='ocrx_word' id='word_1_271' title='bbox 404 4031 570 4096; x_wconf 89' lang='lat' dir='ltr'>molestius</span> <span class='ocrx_word' id='word_1_272' title='bbox 593 4036 796 4112; x_wconf 90' lang='lat' dir='ltr'>reputamus,</span> <span class='ocrx_word' id='word_1_273' title='bbox 830 4036 952 4113; x_wconf 89' lang='lat' dir='ltr'>quanto</span> <span class='ocrx_word' id='word_1_274' title='bbox 983 4031 1146 4114; x_wconf 88' lang='lat' dir='ltr'>predictos</span> <span class='ocrx_word' id='word_1_275' title='bbox 1174 4031 1259 4095; x_wconf 87' lang='lat' dir='ltr'>viros</span> <span class='ocrx_word' id='word_1_276' title='bbox 1283 4052 1339 4095; x_wconf 89' lang='lat' dir='ltr'>suc</span> 
     </span>
     <span class='ocr_line' id='line_1_33' title="bbox 66 4136 1339 4220; baseline -0.002 -17"><span class='ocrx_word' id='word_1_277' title='bbox 66 4138 246 4205; x_wconf 79' lang='lat' dir='ltr'>devotionis</span> <span class='ocrx_word' id='word_1_278' title='bbox 270 4143 303 4202; x_wconf 90' lang='lat' dir='ltr'>et</span> <span class='ocrx_word' id='word_1_279' title='bbox 325 4137 505 4202; x_wconf 90' lang='lat' dir='ltr'>nobilitatis</span> <span class='ocrx_word' id='word_1_280' title='bbox 525 4139 659 4202; x_wconf 90' lang='lat' dir='ltr'>obtentu</span> <span class='ocrx_word' id='word_1_281' title='bbox 679 4137 860 4200; x_wconf 86' lang='lat' dir='ltr'>sincerioris</span> <span class='ocrx_word' id='word_1_282' title='bbox 885 4138 1031 4201; x_wconf 89' lang='lat' dir='ltr'>caritatis</span> <span class='ocrx_word' id='word_1_283' title='bbox 1055 4137 1196 4201; x_wconf 89' lang='lat' dir='ltr'>brachiis</span> <span class='ocrx_word' id='word_1_284' title='bbox 1220 4136 1339 4220; x_wconf 92' lang='lat' dir='ltr'>ample-</span> 
     </span>
    </p>
   </div>
   <div class='ocr_carea' id='block_1_7' title="bbox 155 4338 353 4399">
    <p class='ocr_par' dir='ltr' id='par_1_8' title="bbox 155 4338 353 4399">
     <span class='ocr_line' id='line_1_34' title="bbox 155 4338 353 4399; baseline 0 -14"><span class='ocrx_word' id='word_1_285' title='bbox 155 4343 167 4368; x_wconf 81' lang='grc'>·</span> <span class='ocrx_word' id='word_1_286' title='bbox 185 4338 316 4399; x_wconf 81' lang='lat' dir='ltr'>Magunm&#39;r</span> <span class='ocrx_word' id='word_1_287' title='bbox 334 4354 353 4386; x_wconf 82' lang='lat' dir='ltr'>c.</span> 
     </span>
    </p>
   </div>
   <div class='ocr_carea' id='block_1_8' title="bbox 67 4435 1340 4671">
    <p class='ocr_par' dir='ltr' id='par_1_9' title="bbox 67 4435 1340 4671">
     <span class='ocr_line' id='line_1_35' title="bbox 90 4435 1340 4525; baseline 0 -33"><span class='ocrx_word' id='word_1_288' title='bbox 90 4520 93 4525; x_wconf 19' lang='grc' dir='ltr'>ι</span> <span class='ocrx_word' id='word_1_289' title='bbox 158 4438 316 4493; x_wconf 71' lang='grc' dir='ltr'>1Μ111111111.</span> <span class='ocrx_word' id='word_1_290' title='bbox 390 4439 401 4468; x_wconf 73' lang='lat'>²</span> <span class='ocrx_word' id='word_1_291' title='bbox 419 4438 573 4505; x_wconf 84' lang='lat' dir='ltr'>Oonradus,</span> <span class='ocrx_word' id='word_1_292' title='bbox 591 4438 665 4492; x_wconf 89' lang='lat' dir='ltr'>filius</span> <span class='ocrx_word' id='word_1_293' title='bbox 679 4436 814 4492; x_wconf 91' lang='lat' dir='ltr'>Willelmi</span> <span class='ocrx_word' id='word_1_294' title='bbox 832 4435 999 4491; x_wconf 89' lang='lat' dir='ltr'>marchionis</span> <span class='ocrx_word' id='word_1_295' title='bbox 1018 4436 1053 4490; x_wconf 90' lang='lat' dir='ltr'>de</span> <span class='ocrx_word' id='word_1_296' title='bbox 1064 4437 1270 4493; x_wconf 87' lang='lat' dir='ltr'>Monteferrato.</span> <span class='ocrx_word' id='word_1_297' title='bbox 1296 4438 1340 4492; x_wconf 88' lang='lat' dir='ltr'>De</span> 
     </span>
     <span class='ocr_line' id='line_1_36' title="bbox 67 4524 1339 4584; baseline -0.003 -2"><span class='ocrx_word' id='word_1_298' title='bbox 67 4529 121 4584; x_wconf 90' lang='lat' dir='ltr'>hoc</span> <span class='ocrx_word' id='word_1_299' title='bbox 138 4535 167 4583; x_wconf 89' lang='lat' dir='ltr'>et</span> <span class='ocrx_word' id='word_1_300' title='bbox 184 4525 320 4582; x_wconf 86' lang='lat' dir='ltr'>derebus</span> <span class='ocrx_word' id='word_1_301' title='bbox 338 4525 559 4581; x_wconf 76' lang='lat' dir='ltr'>viterbiensibus</span> <span class='ocrx_word' id='word_1_302' title='bbox 585 4526 679 4581; x_wconf 85' lang='lat' dir='ltr'>confer</span> <span class='ocrx_word' id='word_1_303' title='bbox 696 4525 846 4580; x_wconf 85' lang='lat' dir='ltr'>Romualdi</span> <span class='ocrx_word' id='word_1_304' title='bbox 866 4524 971 4580; x_wconf 82' lang='lat' dir='ltr'>Salem.</span> <span class='ocrx_word' id='word_1_305' title='bbox 990 4524 1114 4579; x_wconf 87' lang='lat' dir='ltr'>Annales</span> <span class='ocrx_word' id='word_1_306' title='bbox 1139 4527 1207 4581; x_wconf 80' lang='grc'><strong>1178</strong></span> <span class='ocrx_word' id='word_1_307' title='bbox 1225 4527 1255 4581; x_wconf 91' lang='lat' dir='ltr'>in</span> <span class='ocrx_word' id='word_1_308' title='bbox 1273 4524 1339 4580; x_wconf 85' lang='lat' dir='ltr'>MG.</span> 
     </span>
     <span class='ocr_line' id='line_1_37' title="bbox 68 4614 570 4671; baseline -0.004 0"><span class='ocrx_word' id='word_1_309' title='bbox 68 4615 118 4671; x_wconf 85' lang='lat' dir='ltr'>SS.</span> <span class='ocrx_word' id='word_1_310' title='bbox 136 4614 219 4670; x_wconf 85' lang='lat' dir='ltr'>XIX.</span> <span class='ocrx_word' id='word_1_311' title='bbox 240 4615 301 4668; x_wconf 83' lang='lat'>459.</span> <span class='ocrx_word' id='word_1_312' title='bbox 376 4614 387 4644; x_wconf 75' lang='lat'>³</span> <span class='ocrx_word' id='word_1_313' title='bbox 405 4614 570 4670; x_wconf 81' lang='lat' dir='ltr'>Christiano,</span> 
     </span>
    </p>
   </div>
   <div class='ocr_carea' id='block_1_9' title="bbox 121 4703 1126 4773">
    <p class='ocr_par' dir='ltr' id='par_1_10' title="bbox 121 4703 1126 4773">
     <span class='ocr_line' id='line_1_38' title="bbox 121 4703 1126 4773; baseline -0.005 -8"><span class='ocrx_word' id='word_1_314' title='bbox 121 4723 303 4773; x_wconf 64' lang='lat' dir='ltr'>lemnum),</span> <span class='ocrx_word' id='word_1_315' title='bbox 322 4721 394 4773; x_wconf 82' lang='lat' dir='ltr'>Epist.</span> <span class='ocrx_word' id='word_1_316' title='bbox 410 4723 474 4763; x_wconf 89' lang='lat' dir='ltr'>Pont.</span> <span class='ocrx_word' id='word_1_317' title='bbox 490 4724 554 4764; x_wconf 85' lang='lat' dir='ltr'>Rom.</span> <span class='ocrx_word' id='word_1_318' title='bbox 1096 4703 1126 4754; x_wconf 81' lang='lat'>11</span> 
     </span>
    </p>
   </div>
   <div class='ocr_carea' id='block_1_10' title="bbox 0 0 1562 5056">
    <p class='ocr_par' dir='ltr' id='par_1_11' title="bbox 0 0 1562 5056">
     <span class='ocr_line' id='line_1_39' title="bbox 0 0 1562 5056; baseline 0 0"><span class='ocrx_word' id='word_1_319' title='bbox 0 0 1562 5056; x_wconf 95' lang='lat' dir='ltr'> </span> 
     </span>
    </p>
   </div>
  </div>
 </body>
</html>
