3098 5056
227 246 288 307 178
610 256 800 311 Anaxauniu
819 271 856 310 111
874 271 1042 314 1111101111
1061 260 1113 314 306

90 422 173 482 1-179
223 420 422 504 prebendam
444 419 614 501 integram,
638 419 781 501 recipere
810 418 1017 501 aliquatenus
1045 421 1260 503 temptaretis.
1308 423 1507 506 Accepimus

59 512 204 574 Mallum
224 534 343 607 autem,
368 524 566 608 prebendam
588 523 736 605 Hugonis
761 524 800 588 de
825 523 975 590 Oratorio
999 547 1102 608 nuper
1131 507 1312 610 vacavisse,
1347 551 1448 612 quam
1476 533 1508 596 ei

224 633 425 718 precepimus
453 653 511 714 per
539 631 726 713 episcopum
753 636 927 712 vestrum1,
951 654 1016 696 non
1044 633 1194 697 obstante
1223 637 1432 701 concessione
1455 638 1508 703 vel

225 739 398 805 donatione
422 738 519 802 alicui
542 736 640 819 lacta,
665 735 812 803 conferri.
860 737 1085 802 Verecundum
1113 739 1245 821 quidem
1275 741 1369 817 nobis
1394 743 1507 810 admo-

226 848 303 912 dum
326 851 359 911 et
381 844 553 910 molestum
586 845 709 920 existit,
743 850 780 907 ut
811 844 1001 908 mandatum
1034 845 1249 927 apostolicum
1281 853 1350 910 tam
1378 855 1507 913 rectum

226 953 334 1018 debito
355 952 493 1016 ulterius
516 951 662 1034 privetur
685 949 811 1014 effectu.
857 949 1001 1033 Ideoque
1033 950 1159 1035 prefato
1188 953 1340 1035 episcopo
1367 954 1402 1018 in
1430 954 1507 1020 obe·

226 1060 345 1124 dientie
368 1059 488 1122 virtute
510 1058 717 1140 precipimus
730 1062 778 1120 ,ut
801 1057 832 1120 ei
854 1058 1068 1140 prescriptam
1091 1057 1305 1140 prebendam,
1336 1063 1507 1127 occasione

225 1165 479 1231 contradictione
504 1169 537 1227 et
560 1162 776 1246 appellatione
804 1169 939 1244 remota,
968 1162 1113 1228 conferat
1136 1171 1170 1229 et
1192 1165 1345 1248 assignet.
1392 1166 1508 1251 Ipsum

226 1293 355 1356 quoque
386 1291 445 1353 per
477 1268 694 1333 venerabilem
721 1268 856 1333 fratrem
887 1275 1033 1334 nostrum
1061 1270 1258 1335 Remensem
1290 1272 1506 1355 archiepisco-

225 1400 302 1462 pum
310 1384 332 1460 ²,
357 1382 468 1441 sancte
492 1375 611 1440 Sabine
635 1375 847 1456 cardinalem,
877 1375 1054 1458 apostolice
1078 1377 1164 1441 sedis
1187 1377 1346 1460 legatum,
1376 1380 1406 1443 si
1430 1401 1506 1463 apc-

226 1486 375 1550 stclicum
399 1483 515 1565 exequi
542 1481 733 1554 mandatum
756 1483 911 1564 omiserit,
936 1504 956 1547 a
979 1483 1152 1548 donatione
1170 1483 1413 1566 prebendarum
1437 1508 1507 1550 sus·

224 1591 322 1676 pendi
353 1590 515 1670 iubemus,
550 1587 650 1652 donec
682 1588 768 1652 idem
800 1588 985 1673 Iolhannes)
1019 1588 1218 1672 prebendam
1255 1590 1366 1672 fuerit,
1407 1614 1507 1675 quam

226 1698 376 1778 diximus,
400 1700 580 1759 assecutus.
628 1694 729 1759 Vobis
753 1701 863 1760 autem
886 1696 920 1759 in
942 1696 1062 1760 virtute
1081 1696 1264 1770 obedientie
1283 1697 1505 1779 prohibemus,

224 1826 265 1869 ne
289 1823 495 1887 quemqnam,
520 1806 696 1883 antequam
715 1802 905 1865 mandatum
924 1803 1138 1885 apostolicum
1156 1803 1340 1887 impleatur,
1360 1807 1505 1888 recipere

225 1913 259 1977 in
282 1911 472 1975 canonicum
504 1907 555 1971 vel
587 1906 753 1972 donationi
780 1908 917 1972 alicuius
947 1908 1110 1991 prebende
1138 1910 1298 1973 assentire
1328 1911 1389 1974 sub
1414 1933 1505 1978 occa-

226 2019 316 2083 sione
338 2016 450 2097 aliqua
467 2014 672 2097 presumatis.
711 2013 785 2078 Tibi
805 2025 944 2097 quoque,
968 2015 1015 2079 fili
1039 2014 1188 2097 decaness,
1212 2016 1273 2080 sub
1296 2037 1383 2100 pena
1406 2018 1505 2084 hono-

225 2126 270 2189 ris
294 2129 327 2188 et
350 2121 448 2187 officii
471 2120 702 2201 interdicimus,
736 2141 777 2184 ne
810 2121 962 2203 cuiquam
995 2121 1126 2186 stallum
1157 2122 1191 2185 in
1219 2122 1316 2187 choro
1347 2128 1505 2208 tanquam

225 2231 381 2298 canonico
403 2249 463 2310 per
483 2233 515 2291 te
539 2227 660 2291 audeas
684 2227 735 2290 vel
758 2226 857 2290 alium
882 2228 1059 2310 assignare.
1096 2226 1162 2292 Nos
1187 2229 1274 2292 enim
1298 2228 1505 2297 donationem

224 2337 276 2401 vel
298 2335 525 2418 receptionem,
550 2335 577 2397 si
601 2355 666 2415 qua
689 2338 740 2397 est
762 2333 812 2397 vel
831 2331 929 2397 fuerit
948 2339 1061 2398 contra
1079 2340 1269 2417 preceptum
1288 2337 1505 2418 apostolicum

226 2447 430 2524 attemptata,
455 2440 658 2520 auctoritate,
684 2461 749 2521 qua
772 2438 946 2522 fungimur,
972 2440 1174 2505 decernimus
1197 2463 1263 2506 nou
1286 2447 1410 2509 tenere.

758 2639 971 2646 ——.-

226 2783 317 2849 306.
341 2782 504 2842 Aleoucder
526 2782 578 2840 ΙΗ
595 2782 691 2840 abbati
713 2781 848 2839 Bmenst
870 2788 896 2840 et
918 2782 1024 2840 dcccco
1044 2783 1251 2859 Rotomuqeusi
1272 2785 1424 2860 aequitum
1447 2788 1504 2860 dut,

336 2889 516 2962 inuestipeat,
540 2894 643 2946 utrum
665 2887 816 2946 cunoaicis
834 2888 1044 2946 Baiocensibus
1067 2908 1108 2947 aa
1126 2889 1280 2948 monacbis
1297 2890 1506 2952 Aloeteusidus

335 3014 442 3055 comus
464 2995 611 3070 quoddam
633 2994 864 3060 adiudicandum
886 2994 933 3052 sit.

332 3115 400 3185 Reg.
419 3113 500 3168 Alex.
518 3114 616 3184 fragm.
635 3130 677 3183 ep.
697 3113 740 3180 60,
759 3112 789 3166 in
808 3112 867 3167 cod.
879 3113 1085 3167 0111111111.
1096 3112 1257 3185 Cantabrig.
1273 3115 1307 3168 R.
1318 3116 1342 3169 9.
1355 3118 1397 3171 17.

745 3218 766 3255 s.
785 3215 834 3254 ΧΠ
851 3201 898 3256 fol.
919 3201 978 3256 127.

113 3361 207 3419 1179,
314 3346 451 3411 Dilectis
479 3345 554 3408 filiis
583 3343 715 3408 abbati3
738 3342 893 3408 Beccensi
922 3349 955 3407 et
980 3343 1148 3430 R(0berto)
1177 3346 1299 3412 decano
1327 3347 1508 3414 Rothoma·

226 3455 326 3537 gensi.
373 3453 566 3535 Recepimus
591 3449 755 3533 querelam
783 3450 892 3514 dilecti
919 3448 978 3513 filii
1001 3453 1105 3515 nostri
1128 3451 1166 3516 B.
1191 3452 1381 3518 Baiocensis
1410 3476 1508 3521 cano-

226 3561 300 3641 nici,
325 3559 421 3641 quod,
446 3580 519 3622 cum
544 3557 680 3622 ecclesia
693 3557 882 3622 Baiocensis
897 3577 1020 3635 nemus,
1042 3558 1128 3640 quod
1142 3560 1177 3623 in
1195 3565 1323 3643 partem
1341 3561 1509 3643 prebende

225 3667 327 3750 ipsius
350 3665 389 3730 B.
419 3664 532 3728 cedere
561 3663 739 3744 debuisset,
773 3669 902 3727 centum
934 3663 1026 3726 annis
1050 3665 1211 3730 continuis
1234 3667 1268 3730 in
1291 3688 1372 3750 pace
1394 3690 1509 3751 posse-

228 3773 321 3854 derit,
346 3771 469 3836 abbas4
492 3777 524 3834 et
547 3769 697 3834 monachi
720 3769 759 3833 de
783 3769 902 3833 Alneto
925 3769 1012 3832 idem
1035 3791 1093 3853 per
1116 3793 1247 3851 manum
1270 3773 1389 3838 laicam
1413 3796 1509 3839 occu-

226 3885 341 3963 pantes
365 3883 542 3942 memorate
566 3876 700 3940 ecclesie
724 3876 859 3940 reddere
879 3875 1113 3940 contradicunt.
1153 3877 1313 3960 Quoniam
1337 3881 1438 3963 igitur
1460 3882 1508 3944 in-

226 3986 397 4050 honestum
421 3989 470 4047 est
492 3983 659 4048 monachis
683 3983 790 4046 aliena
814 3980 958 4045 detinere
977 3983 1106 4065 iniuste,
1132 3986 1187 4066 qui
1211 3987 1343 4069 propria
1366 3987 1508 4070 relique.

227 4098 312 4173 runt,
337 4090 544 4154 discretionib
566 4095 672 4154 vestre
695 4110 753 4173 per
777 4087 956 4170 apostolica
979 4089 1101 4172 scripta
1124 4090 1327 4174 mandamus,
1352 4095 1508 4175 quatinus

227 4197 374 4281 partibus
397 4198 431 4260 in
449 4202 590 4260 vestram
614 4196 812 4279 presentiam
840 4195 1038 4276 convocatis,
1068 4196 1095 4259 si
1122 4196 1213 4262 vobis
1237 4199 1285 4261 ita
1312 4199 1507 4278 constiterit,

315 4401 327 4424 ⁰
345 4400 372 4445 Si
388 4399 473 4458 carpsi
485 4413 533 4458 pro
552 4399 638 4444 cantor
656 4396 708 4443 cod.
781 4389 794 4421 ¹³
812 4402 854 4441 cca
871 4392 1007 4453 dilectioni,
1027 4396 1052 4442 ia
1069 4396 1121 4444 cod.
1141 4398 1201 4443 enim
1219 4406 1252 4444 eat
1269 4397 1293 4447 d.
1315 4411 1339 4445 v.

316 4499 508 4553 ¹Henricum.
583 4495 795 4551 ²Willelmnm.
870 4495 1024 4566 ³cheri0.
1106 4497 1507 4554 4(1111111111111111111111111.

227 4587 329 4642 Christ.
348 4588 401 4642 XI.
420 4589 480 4641 443.
