3098 5056
412 237 539 291 Urimur
557 250 582 290 11
600 247 767 290 nrrsromn
786 233 845 286 129.
867 233 925 288 130.
947 235 995 287 131
1296 219 1338 281 63

60 402 140 467 129.
159 451 161 455 «
179 403 316 462 Urbuuus
334 402 371 460 Π
390 401 568 461 Willeluturu
594 419 687 476 repent
706 399 870 474 duplorum
892 399 1050 475 rutuperot,
1079 399 1156 475 quod
1173 400 1339 475 episcopum

168 509 401 568 Duouluuusuu
429 508 493 566 sede
520 508 661 583 apuleo
690 524 813 582 euntque
844 505 991 563 iudua'uut
1018 523 1115 581 pupae
1140 507 1339 580 postulantem

163 616 358 692 prohibuerit,
382 615 544 691 quominus
562 614 601 672 od
621 632 681 672 sose
700 612 843 671 ouoduet.
885 612 978 680 Quoue
991 618 1024 670 ut
1040 613 1075 669 tu
1092 612 1239 688 intimum
1256 613 1339 672 resti-

169 729 243 796 tuot,
267 723 406 782 lwrtutur.

402 804 472 860 0011.
492 804 560 859 Brit.
579 803 648 859 Urb.
667 820 710 874 ep.
728 803 772 870 40,
790 802 809 856 1.
829 802 848 856 1.
867 802 914 857 fol.
935 803 994 858 150.

144 929 301 994 Urbanus
320 929 694 1012 Willelmo⁸Anglorum
714 928 833 1012 (regi).⁸
869 926 1071 1008 Audivimus,
1091 933 1124 991 te
1143 928 1338 992 Dunelmen-
1400 925 1484 984 1089

58 1039 100 1100 sis
124 1037 286 1101 ecclesiae
308 1037 500 1120 presuleml,
524 1037 621 1100 nullis
640 1035 735 1099 iustis
750 1033 998 1118 precedentibus
1017 1035 1134 1116 causis,
1150 1037 1338 1120 episcopatu
1357 1015 1524 1089 Apa-lun.

56 1145 189 1227 proprio
215 1144 391 1225 expulisse,
414 1137 458 1207 ⁸et
480 1143 578 1234 rebus
607 1143 674 1206 suis
707 1141 905 1224 expoliatum
936 1147 1050 1207 contra
1073 1163 1232 1206 canonum
1257 1145 1339 1207 scita

57 1250 96 1314 ad
121 1251 329 1333 questionem
351 1249 463 1314 iudicii
491 1251 649 1333 coegisse,
679 1254 712 1313 et
734 1248 916 1314 Romanam
945 1247 1145 1312 audientiam
1171 1251 1337 1332 postulan-

57 1365 122 1420 tem
142 1356 257 1421 multis
277 1356 391 1438 modis,
411 1378 452 1421 ne
471 1356 513 1421 ad
531 1378 591 1421 nos
610 1355 744 1437 veniret,
765 1355 951 1419 detinuisse.
982 1353 1076 1436 Quod
1095 1355 1188 1445 nobis
1208 1358 1337 1422 omnino

56 1485 156 1546 grave
181 1484 264 1544 esse,
288 1485 328 1528 ne
353 1463 563 1546 dubitaveris,
588 1463 665 1546 quia
688 1467 802 1527 contra
819 1461 995 1526 Dominum
1018 1467 1052 1526 et
1074 1469 1188 1527 contra
1211 1469 1337 1530 sancto-

56 1593 128 1635 rum
154 1570 287 1635 decreta
313 1576 444 1654 patrum
466 1570 501 1633 id
529 1570 658 1635 omnino
686 1590 757 1633 esse
785 1568 1010 1651 conspicimus.
1057 1568 1162 1633 Tuam
1190 1592 1266 1654 ergo
1290 1572 1337 1635 di·

56 1677 230 1741 lectionem
254 1698 405 1760 rogamus
438 1683 470 1741 et
493 1676 674 1760 apostolica
702 1676 896 1741 auctoritate
924 1675 1132 1759 precipimus,
1156 1683 1193 1741 ut
1215 1677 1337 1743 Dunel-

56 1804 202 1847 mensem
226 1785 412 1867 episcopum
436 1784 642 1868 episcopatus
667 1784 717 1847 sui
741 1782 863 1848 ditione
888 1783 1059 1864 restituae,
1090 1783 1280 1849 reinvestias
1305 1792 1338 1850 et

56 1895 129 1972 post
163 1911 239 1954 eum
272 1911 345 1953 cum
376 1890 529 1973 legitimis
562 1889 822 1970 accusatoribus,
856 1890 883 1953 si
911 1891 967 1972 qui
996 1895 1084 1972 sunt,
1119 1890 1160 1954 ad
1191 1898 1336 1956 nostram

56 1997 259 2061 audientiam
282 1999 391 2062 venire
414 1998 595 2089 permittas.
1104 2003 1108 2012 '

54 2215 143 2280 130.
178 2213 314 2275 Urbouus
340 2216 377 2274 Π
404 2215 548 2274 Saeuum
580 2235 674 2292 repom
696 2217 934 2292 Aropoouusiuut
961 2216 1074 2289 laudet,
1107 2217 1185 2293 quod
1213 2238 1336 2295 rcpuuut

168 2342 261 2381 suunt
284 2323 435 2382 Romam
464 2322 594 2381 ucusiuo
617 2323 807 2382 tributarium
829 2323 934 2399 fecerit.
980 2321 1132 2395 Hortatur,
1159 2343 1197 2382 uo
1222 2333 1334 2402 uepteuz

167 2429 296 2487 iuuituru
318 2429 437 2487 midam
458 2429 494 2487 iu
515 2429 745 2488 mutriutouiuuc
768 2430 820 2489 ut.

396 2548 467 2603 0011.
486 2548 554 2603 Brit.
574 2547 643 2603 Urb.
662 2565 704 2618 ep.
723 2549 767 2638 41,
786 2548 804 2601 1.
824 2548 842 2601 1.
862 2547 909 2603 fol.
929 2550 1002 2604 15011.

146 2690 265 2755 Soneio
284 2692 352 2772 regi
369 2692 565 2755 Araoonum.
603 2689 668 2754 Fili
687 2691 720 2754 in
740 2690 868 2756 Christo
890 2690 1072 2774 karissime,
1096 2695 1235 2759 maxime
1258 2717 1336 2778 gau-

56 2799 182 2878 demus,
206 2796 338 2879 quiete
362 2818 439 2879 erga
461 2796 643 2862 Romanam
663 2797 832 2861 ecclesiam
857 2798 937 2863 adeo
961 2799 1112 2863 devotum
1137 2804 1335 2885 agnovimus,

54 2910 92 2968 ut
115 2909 217 2987 caput
239 2905 346 2986 ipsum
368 2908 461 2967 tuum
494 2909 526 2967 et
557 2925 682 2985 omnes,
714 2905 770 2986 qui
802 2903 861 2968 sub
885 2910 943 2968 tua
967 2905 1092 2971 dicione
1120 2909 1335 2991 continentur,

56 3011 162 3075 eidem
188 3010 324 3074 ecclesie
346 3009 537 3074 tributarios
560 3010 685 3075 feceris.
724 3009 818 3091 Quod
841 3011 986 3094 profecto
1009 3012 1070 3077 tibi
1093 3034 1256 3097 regnoque
1279 3024 1335 3081 tuo

56 3119 199 3181 maximo
224 3115 370 3181 futurum
393 3118 635 3200 emolumento,b
657 3117 745 3182 nullo
769 3117 865 3183 modo
889 3119 1098 3183 dubitaveris.

138 3223 196 3294 De
220 3224 327 3307 neptis
350 3229 406 3288 tue
429 3235 477 3288 oet.
500 3235 534 3288 ut
555 3229 590 3288 tu
617 3229 757 3288 Gratiani
779 3231 850 3289 deor.
880 3232 908 3290 0.
932 3231 1050 3290 XXXI.
1074 3251 1121 3308 qu.
1147 3234 1175 3290 2.
1199 3253 1221 3291 c.
1247 3235 1291 3293 3³

56 3478 128 3542 131.
174 3478 310 3536 Urbuuus
327 3478 364 3536 Π
381 3479 510 3554 episcopo
533 3479 652 3538 cuidam
673 3481 839 3555 respoudit:
863 3480 992 3540 douruot
1014 3481 1085 3556 epse,
1109 3482 1162 3558 qui
1185 3483 1335 3558 lapsorum

167 3585 337 3644 clericorum
358 3585 394 3643 iu
415 3585 563 3661 iutcprum
583 3586 756 3646 restituerat
777 3587 846 3646 siut.

394 3704 464 3759 Coll.
483 3705 552 3759 Brit.
570 3704 639 3760 Urb.
658 3722 700 3776 ep.
719 3707 764 3773 42,
782 3706 799 3760 1.
819 3707 837 3760 1.
856 3706 903 3761 fol.
924 3707 997 3761 1501).
1102 3719 1105 3725 ·

144 3843 289 3895 ....no⁰
312 3830 473 3913 episcopo.
518 3828 553 3895 Si
577 3851 674 3913 quem
697 3831 873 3914 lapsorum,
896 3832 1149 3914 presbiterorum
1173 3835 1332 3918 videlicet,

58 3935 286 4003 diaconorumd
309 3958 347 4000 ac
371 3936 643 4002 subdiaconorum
665 3938 798 4020 pietatis
823 3944 856 4002 et
879 3938 1013 4003 ecclesie
1036 3940 1188 4004 utilitatis
1212 3943 1332 4007 intuitu

141 4123 155 4146 ⁸
172 4120 272 4180 Syllaba
289 4133 331 4166 mo
348 4128 370 4167 et
391 4137 436 4168 voe
453 4117 506 4181 regi
529 4122 600 4180 udpa
623 4121 766 4181 bibliopeoae
788 4122 875 4168 deletu
897 4130 957 4170 suu.
1065 4118 1291 4172 bemolumentum
1310 4143 1330 4172 e.

56 4209 260 4268 eque-eptimam
275 4203 411 4275 {bubliopepa
427 4210 547 4256 meditaret.
620 4203 779 4257 tldiacorum
796 4227 817 4259 e.

144 4273 358 4364 ¹⁴Willelmum.
432 4311 442 4340 ²
459 4311 580 4382 Tempus
599 4310 688 4381 liquet
706 4328 741 4366 ex
758 4311 836 4366 bulla
854 4312 962 4367 Urbani
972 4313 1012 4380 II,
1030 4319 1130 4383 rogatu
1150 4313 1241 4368 Sancti
1259 4314 1330 4383 regis

54 4399 95 4454 die
115 4402 139 4453 1.
160 4398 216 4453 Iul.
237 4399 306 4454 1089
325 4398 400 4465 data,
419 4416 462 4469 ap.
482 4399 591 4455 Rumon
609 4399 644 4454 de
663 4401 777 4455 Huesca
794 4401 911 4471 Iglesias
929 4401 963 4456 de
981 4402 1095 4472 Aragon
1112 4402 1181 4455 VII.
1200 4403 1261 4456 458.
1288 4403 1329 4457 Of.

54 4489 125 4544 Jaffe
144 4488 187 4544 ed.
207 4498 261 4543 sec.
280 4487 333 4542 sub
351 4488 427 4542 dato.
518 4488 588 4543 ³cf.
607 4489 681 4544 Jaffe
698 4489 740 4544 ed.
760 4490 846 4560 princ.
865 4491 944 4544 4113.
1034 4492 1108 4544 “De
1126 4496 1251 4562 tempore
1268 4492 1331 4546 vide

54 4576 379 4649 epistolarumordinem
397 4578 427 4632 in
445 4577 568 4632 secunda
585 4584 757 4649 regestorum
776 4579 898 4635 editione
916 4580 1107 4635 constitutum.
