3098 5056
400 281 588 333 Anaxnunru
607 294 644 334 111
667 282 912 336 ne1sronrn246.
933 281 983 335 247
1263 266 1323 328 137

54 443 84 501 et
104 437 148 502 ab
173 437 289 503 eadem
312 438 448 502 ecclesia
470 439 622 504 alienare.
669 439 762 505 Unde
781 443 934 522 quoniam
960 446 1082 523 quanto
1105 439 1252 523 praefata
1275 440 1501 504 ec-1163.65.

53 543 150 608 clesia
175 543 218 608 ad
240 544 291 608 ius
324 550 357 608 et
386 547 617 627 proprietatem
650 546 738 611 beati
761 540 851 610 Petri
879 553 912 611 et
941 548 1156 629 provisionem
1183 552 1326 611 nostram
1356 529 1429 603 ΑΡΓ·
1442 527 1492 586 ῙῙ·

52 650 226 733 specialius
255 657 393 733 spectat,
426 657 527 717 tanto·
547 653 702 716 attentius
733 653 826 717 nobis
858 653 1090 736 providendum
1117 653 1264 717 imminet
1295 659 1328 716 et

52 756 193 822 sollicite
216 757 432 840 cogitandum,
457 779 497 822 ne
520 757 606 822 bona
629 780 688 823 sua
711 759 949 841 distrahantur,
972 759 1176 823 universitati
1200 765 1326 823 vestrae

51 884 109 945 per
133 863 314 946 apostolica
338 864 458 946 scripta
476 864 678 947 mandamus,
703 865 856 948 quatinus
880 865 966 929 omni
985 867 1154 930 occasione
1177 872 1211 930 et
1233 887 1326 930 excu-

52 970 180 1036 satione
203 976 366 1051 cessante,
400 970 594 1053 quicumque
623 978 767 1036 vestrum
797 971 837 1035 de
867 971 1052 1055 praedictae
1080 972 1235 1036 ecclesiae
1258 971 1327 1036 the-

52 1098 148 1141 sauro
174 1077 285 1158 aliqua
314 1075 448 1157 habent,
477 1077 611 1141 reddere
634 1100 698 1142 non
720 1084 919 1161 postponant
941 1083 974 1141 et
995 1077 1078 1159 illos,
1104 1099 1184 1160 qnos
1207 1077 1327 1142 habere

51 1189 273 1265 cognoverunt
295 1183 408 1247 abbati
431 1189 464 1246 et
486 1182 642 1248 fratribus
665 1184 832 1267 praefatae
852 1184 1007 1249 ecclesiae
1026 1183 1180 1248 studeant
1202 1184 1327 1266 plenius

51 1289 208 1371 iudicare,
233 1289 376 1372 alioquin
393 1289 542 1353 noverint
560 1312 604 1372 se,
629 1291 824 1373 quicumque
842 1290 1016 1355 habuerint
1034 1297 1067 1356 et
1085 1290 1220 1355 reddere
1238 1313 1328 1356 recu-

53 1397 207 1477 saverint,
232 1397 427 1461 auctoritate
446 1397 624 1479 apostolica
643 1397 982 1461 excommunicationis
1002 1398 1127 1462 vinculo
1147 1397 1327 1463 innodatos.

52 1501 177 1566 Datum
199 1501 337 1566 Parisiis
360 1501 413 1565 HI
435 1501 513 1567 Idus
536 1502 669 1586 Aprilis.

54 1718 142 1784 246.
166 1720 331 1779 Alexander
352 1720 404 1779 ΙΙΙ
421 1721 550 1798 episcopo
569 1722 740 1811 ¹Pun'se'ense'
761 1721 897 1794 necant,
924 1728 1041 1780 moveat
1067 1724 1223 1782 cottoniana
1249 1742 1328 1795 neos,

164 1832 199 1884 nt
221 1826 256 1884 v'n
279 1826 405 1902 ele‘qende
428 1828 532 1887 denno
556 1828 672 1886 tendent
694 1828 873 1887 conveniant.

344 1929 460 1999 Autogr.
479 1929 508 1982 in
527 1927 614 1983 tabul.
630 1934 687 1983 nat.
706 1928 793 1983 Paris.
813 1929 844 1982 L.
865 1928 917 1983 230
934 1947 962 1982 n.
982 1928 1036 1983 28⁶.

142 2068 331 2133 Alexander
369 2071 539 2153 episcopus
576 2092 687 2135 servus
724 2092 889 2134 servorum
925 2069 988 2134 Dei
1024 2071 1200 2136 venerabili
1236 2070 1330 2135 fratri
1371 2084 1454 2145 1165

55 2176 233 2261 M(auritio)
246 2175 426 2241 Parisiensi
448 2178 598 2260 episcopo
621 2177 759 2241 salutem
783 2182 816 2240 et
833 2177 1045 2258 apostolicam
1064 2177 1328 2242 benedictionem.
1348 2175 1420 2249 Apr·
1433 2174 1483 2232 21·

56 2283 105 2347 Ex
127 2283 288 2347 relatione
311 2288 369 2347 tua
391 2284 457 2347 iam
479 2284 669 2366 plerumque
701 2290 734 2348 et
762 2284 860 2347 etiam
891 2303 964 2346 cum
987 2284 1020 2346 in
1048 2290 1137 2348 terra
1163 2290 1330 2367 presentes

57 2410 200 2454 essemus
229 2389 427 2471 agnovimus,
456 2390 541 2472 quod
565 2390 712 2455 canonici
735 2389 870 2454 ecclesie
893 2389 981 2453 beati
1004 2389 1166 2472 Marcelli,
1191 2410 1253 2472 que
1277 2389 1330 2453 de-

58 2519 136 2562 cano
160 2517 278 2561 vacare
301 2495 493 2578 dinoscitur,
526 2518 590 2561 non
617 2501 753 2579 possunt
782 2496 817 2559 in
845 2496 988 2578 aliquem
1020 2497 1203 2577 convenire,
1236 2517 1332 2578 quem

59 2605 117 2668 sibi
142 2603 285 2667 debeant
311 2602 344 2664 in
367 2602 525 2667 decanum
545 2602 713 2685 preficere.
750 2602 844 2667 Unde
868 2625 926 2667 nos
949 2603 1085 2666 utilitati
1108 2603 1253 2673 eiusdem
1282 2624 1331 2667 ec-

60 2710 154 2774 clesie
183 2730 224 2774 ex
247 2707 346 2773 officii
377 2711 480 2774 nostri
512 2709 620 2774 debito
652 2709 822 2792 providere
853 2710 1013 2790 volentes,
1047 2708 1245 2774 fraternitati
1276 2715 1331 2773 tue

61 2838 112 2898 per
144 2815 324 2899 apostolica
352 2816 473 2898 scripta
495 2816 702 2897 mandamus,
726 2822 886 2898 quatenus
910 2815 1040 2881 eosdem
1064 2816 1235 2882 canonicos
1258 2837 1331 2880 cum

62 2923 143 2986 omni
162 2921 332 3004 diligentia
351 2922 482 2987 studeas
502 2923 681 3003 convenire,
696 2928 733 2986 ut
746 2923 779 2986 in
799 2922 941 3004 aliquam
956 2943 1128 3004 personam
1141 2921 1330 3003 litteratam,

63 3029 208 3094 idoneam
231 3033 265 3092 et
287 3027 456 3093 honestam
483 3029 555 3111 pari
578 3028 743 3093 voluntate
771 3030 972 3094 conveniant.
1020 3026 1113 3109 Quod
1145 3029 1172 3091 si
1205 3027 1331 3092 efficere

65 3133 138 3200 forte
162 3135 335 3216 noluerint,
360 3135 564 3216 electionem,
589 3156 687 3216 quam
709 3137 812 3201 maior
840 3142 873 3200 et
896 3136 1005 3200 sanior
1027 3157 1103 3218 pars
1127 3133 1261 3216 capituli
1292 3133 1331 3197 de

9 3280 11 3289 =
67 3240 169 3323 eliqua
192 3262 332 3323 persona
354 3241 471 3306 idonea
492 3241 630 3318 honesta
653 3247 686 3305 et
706 3242 853 3306 litterata
876 3241 1028 3322 fecerint,
1052 3247 1089 3304 tu
1112 3241 1199 3304 omni
1222 3241 1332 3322 appel-

69 3345 179 3414 latione
207 3354 355 3412 cessante
382 3353 489 3412 ratam
520 3347 642 3412 habeas
670 3355 703 3412 et
733 3370 805 3412 eam
829 3349 961 3413 studeas
991 3346 1191 3412 confirmare.
1239 3345 1331 3428 Quod

72 3455 143 3518 enim
166 3460 203 3518 tu
227 3453 342 3518 exinde
365 3453 490 3536 feceris,
514 3476 572 3518 nos
597 3460 728 3518 auctore
742 3453 882 3519 Domino
900 3461 1008 3519 ratum
1032 3459 1064 3518 et
1081 3453 1211 3517 firmum
1233 3453 1331 3517 habe·

73 3556 175 3625 bimus.
212 3559 289 3624 Dat.
310 3558 451 3643 Stampis
470 3559 521 3625 XI
542 3559 617 3624 Kal.
641 3560 730 3625 Maii.

19 3794 24 3861 ζ
80 3769 147 3842 24⁷.
168 3778 332 3837 Abeander
344 3778 397 3837 ΠΙ
409 3779 619 3854 archiepiscopo
634 3779 820 3838 Narbonensi
837 3785 863 3838 et
881 3779 1010 3854 episcopo
1027 3777 1229 3853 Mopebnensv'
1246 3794 1331 3834 rnen-

22 3876 25 3881 ’
170 3885 228 3958 dat,
250 3891 285 3944 nt
308 3885 450 3961 quosdam
476 3885 606 3961 fratrent
630 3885 866 3960 Vallisnvopnee,
891 3885 944 3960 qni
965 3885 1090 3944 cleanteo
1108 3885 1205 3943 relecto
1227 3901 1332 3941 emeres

171 3991 317 4063 duxerint,
340 3992 375 4050 in
397 3992 610 4050 monasteriensi
631 3992 724 4050 redire
746 3991 871 4050 labeant.

306 4091 377 4147 Bibl.
396 4098 454 4147 nat.
473 4093 560 4147 Paris.
579 4111 630 4147 ms.
649 4093 697 4147 lat.
718 4093 805 4146 12770
824 4110 845 4146 s.
864 4105 941 4147 xvn.
961 4091 1008 4147 fol.
1030 4091 1080 4145 138

25 4246 29 4293 :
138 4233 335 4300 Alexander
357 4237 526 4319 episcopus
555 4257 665 4300 servus
690 4256 854 4299 servorum
877 4234 939 4297 Dei
962 4231 1200 4298 venerabilibus
1224 4230 1331 4293 fratri·
1368 4244 1451 4304 1165

24 4340 28 4399 ἰ
87 4323 132 4397 lus
150 4337 348 4408 Narbonensi
380 4341 642 4424 archiepiscopo1
675 4347 708 4406 et
736 4341 960 4424 Magalonensi
992 4341 1163 4423 episcopo?
1196 4336 1333 4400 salutem
1350 4334 1428 4409 Aug.
1441 4335 1469 4392 2.

89 4441 115 4497 11
130 4448 328 4527 apostolicam
350 4448 616 4513 benedictionem.
662 4447 714 4511 Ex
736 4447 930 4511 transmissa
951 4445 1112 4509 'relatione
1144 4443 1332 4506 dilectorum

155 4606 164 4636 ¹
180 4606 286 4664 Pontio.
361 4609 371 4639 ²
389 4607 516 4663 Iohanni.
