3098 5056
501 273 591 328 Lucu
609 287 646 326 111
664 286 834 327 mrsromn
854 273 905 327 366
1280 260 1341 322 221

66 438 123 513 set,
147 432 188 496 R.
214 432 359 512 clericus,
393 432 449 513 qui
472 432 581 514 plures
605 432 705 497 habet
730 433 898 513 ecclesias,
932 434 973 497 ab
998 455 1035 499 eo
1059 455 1117 516 per
1140 434 1259 500 multas
1286 435 1530 498 im-1181-85.

63 539 236 620 pensiones
267 545 300 603 et
331 540 520 620 gravamina
553 540 772 603 iuramentum
805 539 844 603 de
877 539 1037 604 solutione
1067 541 1199 604 maioris
1230 561 1343 605 census

64 645 210 709 extorsit.
256 644 361 726 Igitur
394 667 466 710 cum
500 647 542 709 sit
573 646 773 728 prohibitum
805 647 839 709 in
872 647 1007 710 concilio
1037 646 1267 728 Lateranensi,
1304 669 1344 711 ne

62 752 137 837 novi
161 773 278 816 census
302 754 509 836 imponantur
542 753 686 816 ecclesiis
717 753 769 816 vel
796 757 921 817 veteres
949 759 1214 835 augmententur,
1249 755 1343 817 susti-

62 879 139 922 nere
163 880 229 922 non
252 881 423 942 possumus
447 861 672 940 incorrectum,
697 858 785 941 quod
807 864 901 923 tanta
919 858 1017 923 fuerit
1042 860 1227 924 temeritate
1251 881 1343 943 prae-

55 972 223 1044 sumtum;
247 965 445 1030 fraternitati
469 972 545 1030 tuae
574 987 632 1048 per
656 965 836 1048 apostolica
860 966 981 1048 scripta
1004 966 1205 1047 mandamus,
1225 972 1343 1054 'quate-

62 1093 122 1135 nus
147 1072 305 1153 inquisita
334 1073 524 1154 apartibus
553 1073 705 1153 veritate,
739 1073 767 1135 si
795 1073 842 1136 ita
866 1093 937 1136 esse
961 1073 1152 1153 const'terit,
1185 1074 1343 1155 praesori-

62 1183 155 1260 ptum
193 1190 343 1242 censum⁸
380 1179 422 1242 ad
455 1179 586 1243 solitum
624 1179 820 1243 auctoritate
852 1184 978 1260 nostra,
1017 1178 1272 1244 contradictione
1311 1184 1344 1243 et

63 1283 283 1367 appellatione
315 1291 478 1367 cessante,
511 1285 648 1350 reducas
681 1291 714 1349 et
741 1291 954 1350 memoratum
978 1285 1018 1350 R.
1047 1285 1268 1350 ecclesiastica
1296 1285 1342 1349 di-

64 1392 231 1455 strictione
264 1392 447 1474 compellaS,
480 1397 517 1455 ut
541 1392 742 1474 praedictum
766 1391 806 1457 G,
832 1414 852 1456 a
874 1393 1066 1474 iuramento,
1092 1392 1177 1474 quod
1202 1391 1243 1455 ab
1271 1392 1342 1474 ipso

62 1498 196 1580 recepit,
221 1497 370 1562 absolvat
389 1505 421 1562 et
441 1498 480 1562 de
501 1504 608 1563 cetero
628 1505 782 1563 consueto
802 1520 901 1563 censu
925 1505 1095 1563 contentus
1115 1499 1243 1580 existat,
1269 1520 1342 1563 eum

64 1625 193 1686 quoque
226 1604 265 1668 de
297 1609 391 1669 tanta
418 1606 661 1687 praesumtione
688 1607 805 1688 punias
834 1606 945 1669 taliter
968 1604 1028 1668 sub
1052 1604 1269 1687 appellatione
1293 1626 1341 1669 re-

63 1717 161 1792 mota,
187 1710 273 1791 quod
297 1710 413 1775 saltem
436 1733 542 1793 poena
565 1712 701 1776 docente
725 1719 900 1794 cognoscat
922 1711 1102 1794 periculum
1127 1712 1251 1775 cunctis
1277 1712 1341 1775 exi-

64 1824 159 1898 stere,
184 1817 369 1882 constitutis
393 1818 579 1900 apostolicis
604 1818 761 1882 obviare.l

595 1985 616 1990 -
622 1985 711 1990 —--
717 1984 727 1991 ..
737 1985 808 1991 ...—

63 2088 150 2154 366.
173 2089 290 2146 Inicias
308 2088 359 2146 III
376 2091 525 2148 amicersis
548 2092 735 2150 ecclesiaram
750 2091 891 2165 praelatis
909 2091 1040 2159 mandat,
1059 2108 1096 2148 oe
1113 2090 1220 2165 dobes
1242 2089 1341 2164 bospi-

174 2195 244 2254 tab's
262 2195 526 2271 Hierosolpmitoac'
544 2215 633 2271 srqrer
651 2198 736 2256 bonis
754 2197 968 2257 testamentoria
986 2197 1086 2271 tepetis
1104 2198 1165 2254 allo
1183 2197 1270 2254 modo
1292 2196 1340 2254 ab·

175 2301 310 2377 pretereat.

324 2385 442 2456 Autogr.
462 2386 491 2439 in
511 2386 577 2441 bibl.
596 2393 654 2441 nat.
668 2388 753 2442 Paris.
773 2405 823 2441 ms.
837 2386 885 2440 lat.
898 2386 977 2441 8998.
996 2385 1082 2440 f01.1.

151 2543 273 2608 Lucius
306 2546 476 2628 episcopus
507 2569 617 2612 servus
642 2569 807 2612 servorum
831 2547 893 2611 Dei
921 2545 1161 2611 venerabilibus
1183 2544 1340 2609 fratribus
1361 2562 1515 2621 1184-85

59 2652 330 2734 archiepiscopis,
364 2653 538 2735 episcopm,
573 2660 606 2718 et
639 2654 764 2718 dilectis
794 2653 870 2717 filiis
901 2653 1086 2734 abbatibus,
1119 2651 1281 2735 prioribus
1310 2659 1342 2716 et
1376 2652 1433 2710 Iul.
1446 2652 1496 2710 29.

59 2758 221 2822 universis
241 2758 451 2823 ecclesiarum
469 2759 635 2841 praelatis,
656 2760 698 2825 ad
717 2783 797 2843 quos
817 2761 945 2824 litterae
969 2762 1030 2823 iste
1049 2749 1266 2842 pervenerint,
1291 2780 1341 2822 sa-

58 2866 164 2929 lutem
188 2871 221 2928 et
244 2865 456 2947 apostolicam
480 2866 748 2932 benedictionem.
791 2867 911 2932 Dilecti
934 2866 993 2930 filii
1016 2867 1121 2930 nostri
1146 2865 1262 2929 fratres
1285 2864 1342 2930 ho-

59 2971 190 3054 spitalis
213 2970 473 3054 ierosolymitani
497 2994 628 3054 gravem
652 2981 765 3039 contra
792 2996 848 3039 vos
877 2974 1096 3056 deposuerunt
1119 2973 1152 3034 in
1181 2971 1342 3036 auditorio

58 3084 175 3142 nostro
208 3079 382 3160 querelam,
416 3079 502 3161 quod
526 3081 657 3144 tertiam
690 3087 817 3163 partem
845 3102 971 3160 eorum,
1005 3100 1067 3161 que
1096 3078 1161 3141 illis
1185 3079 1219 3141 in
1242 3084 1342 3143 testa-

59 3190 172 3249 mento
195 3184 355 3268 legantur,
387 3209 445 3269 pro
469 3192 575 3250 vestre
598 3187 775 3252 voluntatis
809 3186 944 3250 arbitrio
969 3185 1183 3267 extorquetis,
1218 3191 1251 3248 et
1277 3186 1343 3249 alia

60 3291 252 3372 gravamina
274 3291 464 3357 multimodo
489 3294 671 3376 irrogantes
699 3316 758 3376 pro
784 3294 902 3357 litteris
925 3292 1046 3356 nostris
1070 3291 1194 3354 nullam
1218 3292 1264 3355 eis
1289 3313 1342 3355 cu-

60 3398 144 3461 ratis
168 3397 327 3460 iustitiam
350 3399 512 3464 exhibere.
561 3398 721 3481 Quoniam
745 3400 844 3480 igitur
867 3400 913 3462 sic
935 3393 1026 3463 vobis
1051 3398 1165 3462 adesse
1184 3398 1341 3479 volumuS,

61 3510 98 3567 ut
131 3505 319 3568 memoratis
352 3504 507 3570 fratribus
542 3508 576 3569 in
609 3527 668 3569 sua
701 3506 812 3570 deesse
844 3507 970 3569 iustitia
1001 3488 1133 3568 minime
1163 3504 1342 3586 videamur,

61 3610 269 3674 universitati
296 3617 423 3676 vestrae
450 3633 510 3694 per
538 3612 718 3694 apostolica
746 3613 868 3695 scripta
895 3611 1087 3676 mandamus
1119 3617 1217 3691 atque
1240 3611 1342 3692 preci-

61 3718 180 3800 pimus,
205 3717 358 3799 quatinus
382 3717 511 3800 dehis,
544 3741 606 3800 que
629 3720 815 3783 memoratis
839 3717 995 3782 fratribus
1020 3717 1139 3780 dantur
1163 3717 1203 3780 ab
1228 3717 1342 3798 aliqui-

61 3822 124 3886 bus
155 3824 190 3886 in
219 3824 359 3888 sanitate
391 3823 441 3888 vel
474 3823 680 3907 infirmitate,
714 3827 742 3888 si
773 3832 887 3908 postea
920 3825 1142 3888 convaluerint
1172 3829 1229 3887 aut
1256 3823 1343 3906 apud

63 3930 145 3994 alios
170 3929 323 3993 tumulati
345 3929 480 4012 fuerint,
509 3932 691 4014 portionem
723 3932 866 4014 aliquam
895 3953 960 3995 non
989 3931 1143 4012 queratis
1191 3929 1240 3993 De
1270 3930 1342 3993 aliis

62 4057 138 4100 vero
162 4036 368 4118 parochianis
392 4038 521 4119 vestris,
546 4039 602 4120 qui
625 4038 812 4102 laborantes
835 4039 869 4100 in
893 4038 1045 4101 extremis
1070 4036 1156 4119 apud
1180 4036 1342 4119 predictos

62 4141 182 4206 fratres
212 4142 334 4223 eligunt
357 4144 502 4226 sepeliri,
536 4150 654 4225 quarta
689 4146 760 4208 sitis
789 4145 976 4209 testamenti
1000 4149 1093 4226 parte
1118 4144 1261 4208 contenti
1284 4164 1344 4206 nec

59 4247 188 4332 aliquid
221 4249 263 4313 ab
296 4249 342 4312 eis
375 4250 513 4331 amplius
547 4251 694 4332 exigatis
742 4250 806 4316 Sed
833 4272 892 4314 neo
916 4250 1131 4332 sepulturam,
1162 4271 1260 4332 quam
1287 4271 1345 4332 per

153 4415 167 4439 ⁸
184 4426 283 4460 sensum
301 4429 321 4460 c.

155 4516 165 4545 ¹
184 4514 268 4569 Hanc
285 4521 314 4570 et
331 4531 386 4581 eas,
405 4532 476 4585 quae
495 4516 672 4585 praecedunt,
692 4517 822 4587 epistolas
831 4518 959 4571 Martene
977 4533 1011 4570 ex
1029 4533 1168 4570 canonum
1183 4515 1344 4570 collectione

62 4605 157 4659 adhue
173 4603 316 4674 incognita
334 4603 512 4674 descripsisse
530 4603 647 4659 videtur.
