3098 5056
423 273 610 328 quoonnrn
628 251 653 324 1i
671 283 839 324 urrssonss
859 270 918 323 183.
939 270 991 324 184
1303 257 1344 318 93
1421 241 1425 248 ’

63 442 114 498 ter
147 432 315 498 dilectioni
350 437 457 498 vestre
488 431 681 496 mandamus
712 434 746 493 et
775 430 954 512 apostolica
986 431 1181 495 auctoritate
1208 432 1344 514 precipi·
1388 431 1473 491 1136

63 563 147 623 mus,
167 545 215 621 ut,
236 540 323 605 omni
341 539 513 622 tepiditate
533 537 693 618 submota,
714 535 850 600 eandem
869 538 1062 601 sententiam
1081 536 1218 601 firmiter
1236 538 1344 603 obser·
1363 522 1429 580 1¹¹³·
1442 522 1492 580 19·

64 647 147 712 vetis
172 667 309 728 eamque
332 646 366 710 in
389 645 506 710 vestris
539 643 683 708 ecclesiis
715 649 907 708 renovantes
935 644 1209 726 inrefragabiliter
1237 645 1345 709 obser·

64 755 135 818 vari
153 773 214 836 per
232 758 358 816 vestras
377 751 565 835 parrochias
584 744 723 814 faciatis.
766 749 854 814 Data
868 750 955 814 Pisis
974 750 1061 815 XIII
1074 751 1241 817 Kalendas
1260 751 1345 817 Iulii.

64 1024 147 1090 183.
182 1024 372 1084 Innocentius
398 1023 435 1082 ΙΙ
462 1023 558 1082 abbati
592 1023 621 1082 S.
650 1023 794 1081 lobannis
826 1023 963 1082 Hafense'
992 1025 1149 1099 proecepit,
1183 1024 1255 1100 quie
1287 1030 1348 1082 forn
1464 1084 1473 1098 ,

179 1132 317 1207 Hayonis
339 1131 466 1207 episcopi
488 1130 744 1189 Alfissiederensis
762 1129 909 1188 iodicium
927 1131 1025 1189 metire
1050 1150 1141 1207 quern
1159 1131 1197 1189 od
1219 1149 1279 1189 sese
1301 1150 1346 1190 ae·

179 1239 273 1297 aeae
293 1238 455 1314 wenni,
479 1243 513 1296 n
535 1217 680 1296 mnam
704 1255 773 1295 nm
794 1237 864 1295 nra
887 1237 1000 1296 aaran
1023 1237 1120 1296 neate
1144 1237 1174 1296 s
1194 1237 1348 1296 Perre-aa

183 1345 348 1405 Senorrense'
369 1345 511 1404 restituat.

256 1464 328 1519 Bibl.
346 1469 404 1518 nat.
423 1463 510 1518 Paris.
530 1464 599 1519 Ooll.
619 1464 723 1519 Baluze
741 1465 776 1519 46
795 1464 842 1519 fol.
862 1464 912 1518 391
933 1481 1059 1518 manus.
1079 1477 1157 1519 xvn.

156 1626 367 1690 Innocentius
402 1625 573 1707 episcopus
606 1645 717 1688 servus
751 1645 917 1689 servorum
947 1624 1010 1689 Dei
1042 1624 1161 1689 dilecto
1192 1622 1259 1690 filio
1292 1622 1478 1689 G.⁸1135-
1515 1640 1520 1652 ·

66 1734 182 1799 abbati
206 1731 238 1797 S.
263 1731 417 1797 Iohannis
441 1731 481 1795 de
495 1730 605 1795 Pratis
629 1731 768 1797 salutem
792 1737 825 1796 et
848 1732 1060 1815 apostolicam
1078 1731 1346 1795 benedictionem.
1376 1714 1470 1773 1137·

66 1841 176 1906 Debet
188 1839 340 1922 propriae
357 1839 471 1902 ruinae
490 1837 600 1903 dolore
619 1840 790 1921 prosterni,
811 1839 958 1922 quisquis
978 1838 1165 1921 apostolicis
1184 1845 1347 1921 contemp·

66 1950 115 2011 nit
147 1967 266 2030 parere
298 1946 490 2028 praeceptis
544 1943 611 2010 Nos
643 1946 803 2028 siquidem
835 1968 894 2030 per
926 1945 1104 2028 apostolica
1135 1945 1197 2009 tibi
1227 1946 1350 2028 scripta

67 2054 309 2134 mandavimuS‚
337 2058 375 2116 ut
397 2057 455 2116 aut
478 2051 597 2116 dilecto
627 2051 694 2118 filio
716 2059 828 2119 nostro
850 2053 1036 2138 Her(bert0)
1065 2051 1178 2115 abbati
1201 2050 1233 2116 S.
1257 2051 1350 2116 Petri

68 2163 131 2225 vivi
155 2159 396 2242 inpraesentia
419 2158 653 2224 venerabilium
675 2158 814 2224 fratrum
837 2166 1030 2241 nostrorum,
1054 2158 1225 2243 H(ugonis)
1248 2158 1349 2222 Altis-

68 2267 268 2333 siodorensis
292 2266 436 2349 episcopi
459 2271 492 2330 et
512 2265 684 2351 H(ug0nis)
702 2266 961 2333 Pontiniacensis
986 2265 1125 2346 abbatis,
1150 2265 1189 2328 de
1213 2265 1350 2329 ecclesia

68 2376 102 2438 in
120 2375 202 2438 villa
214 2373 340 2437 Riciaci
358 2373 544 2438 convenires
560 2379 617 2436 aut
630 2372 743 2438 Idibus
758 2373 870 2439 Martii
889 2373 994 2439 eidem
1008 2393 1220 2455 responsurus
1239 2377 1353 2436 nostro

68 2487 101 2546 te
126 2480 316 2563 conspectui
338 2484 592 2564 praesentares.1
630 2479 723 2562 Quod
746 2480 878 2544 minime
902 2485 953 2544 est
971 2478 1099 2544 effectui
1117 2480 1349 2562 mancipatum.

68 2587 215 2669 Ideoque
238 2607 297 2669 per
325 2587 505 2671 apostolica
531 2585 593 2650 tibi
621 2587 743 2669 scripta
772 2585 965 2651 mandamus
998 2591 1096 2668 atque
1124 2586 1350 2669 praecipimus,

69 2699 234 2776 quatenus
267 2694 403 2758 eandem
435 2693 607 2757 ecclesiam
639 2715 712 2757 oum
744 2693 822 2757 villa
849 2692 1016 2776 praedicto
1046 2692 1158 2757 abbati
1185 2693 1351 2757 restituas.

70 2801 115 2864 Et
139 2799 218 2882 quia
240 2800 371 2864 rebellis
396 2807 429 2864 et
451 2799 639 2865 inobediens
661 2799 756 2864 nobis
780 2800 932 2880 extitisti,
961 2781 1129 2882 qudusque
1157 2799 1250 2864 nobis
1278 2821 1351 2864 con-

70 2929 152 2989 grue
176 2905 370 2989 satisfacias,
394 2906 616 2971 interdicimus
639 2906 701 2970 tibi
724 2906 833 2970 sedem
857 2906 996 2970 abbatis.

71 3194 156 3261 184.
186 3196 375 3255 Innocentius
393 3196 430 3255 ΙΙ
442 3196 592 3254 canendis
610 3195 740 3254 ecelesiae
757 3196 946 3254 Torrweensis
963 3195 1115 3271 proecepit,
1134 3203 1168 3255 uf
1186 3196 1353 3271 episcopam

186 3302 292 3378 elr‘qnnf
319 3301 493 3378 electumque
519 3302 554 3360 ab
584 3302 796 3377 archiepiscopo
819 3303 958 3360 Renrensc'
979 3303 1142 3362 consecrari
1163 3308 1270 3362 enrenf.
1307 3302 1352 3360 Ab

186 3409 346 3468 obnitentia
368 3409 494 3484 episcopi
516 3409 724 3468 Nooioneense's
747 3427 795 3466 eos
817 3409 909 3468 soluit.

271 3527 344 3582 siu.
362 3532 419 3583 nat.
439 3526 525 3582 Para
545 3545 596 3582 ms.
615 3492 663 3582 ui.
684 3529 771 3583 rossa
789 3529 835 3583 τοι.
855 3529 889 3582 su
908 3546 994 3583 manu
1012 3529 1151 3583 Martenii.

163 3687 372 3753 innocentius
396 3688 563 3771 episcopos
592 3707 703 3752 servus
732 3709 897 3753 servorum
920 3687 983 3753 Dei
1007 3689 1134 3754 dilectis
1157 3687 1232 3754 filiis
1255 3689 1294 3754 Ε.
1320 3694 1353 3754 et
1381 3706 1537 3765 1138-42

71 3779 113 3862 R.
142 3795 394 3876 archidiaconis,
428 3793 482 3859 Τ.2
513 3795 699 3877 praeposito
732 3795 912 3877 ceterisque
945 3797 1109 3860 canonicis
1137 3795 1352 3861 Tornacensis
1388 3797 1456 3854 Dec.
1470 3795 1520 3853 30.

72 3904 243 3984 ecclesiae,
268 3901 442 3967 abbatibus
462 3906 495 3965 et
513 3901 629 3965 ceteris
649 3900 858 3966 ecclesiarum
877 3903 1044 3985 praelatis,
1065 3903 1151 3967 clero
1170 3906 1204 3966 et
1221 3901 1350 3985 populo,

72 4031 132 4094 per
157 4009 296 4074 eundem
323 4010 546 4093 episcopatum
574 4008 768 4089 constitutis
803 4008 941 4072 salutem
965 4015 998 4072 et
1021 4009 1232 4092 apostolicam
1256 4007 1351 4071 bene-

74 4117 261 4182 dictionem.
308 4115 439 4181 Certum
463 4120 522 4196 est,
554 4113 792 4179 Tornacensem
816 4115 986 4180 ecclesiam
1010 4137 1049 4180 ex
1073 4116 1207 4198 antiquo
1231 4114 1352 4196 episco÷

73 4223 183 4306 palem
208 4222 317 4286 sedem
341 4221 487 4287 extitisse
511 4225 544 4284 et
566 4227 731 4303 pastorem
750 4221 916 4305 proprium
935 4221 1099 4302 habuisse,
1127 4222 1217 4284 ouius
1242 4241 1352 4284 curam

74 4334 108 4394 et
130 4329 459 4394 amministrationem
482 4328 630 4409 quamvis
649 4326 873 4393 Noviomensis
893 4328 1063 4410 episcopus
1089 4327 1184 4408 longo
1207 4331 1352 4408 tempore

165 4510 178 4535 ⁸
196 4528 230 4558 an
249 4512 296 4559 nt
312 4512 365 4559 vide
382 4508 492 4572 ep.181.

167 4615 176 4644 ¹
196 4613 239 4667 Cf.
258 4629 343 4682 supra
360 4629 403 4682 ep.
423 4611 483 4678 181,
502 4610 546 4666 die
566 4613 608 4665 12.
627 4611 707 4666 Junii
727 4614 903 4667 1134-1136
922 4611 1024 4666 datam.
1098 4611 1108 4640 ²
1125 4609 1299 4665 Theoderico.
