3098 5056
405 281 590 337 Connasrnu
608 295 645 335 111
663 294 831 336 mrsromn
848 284 910 338 415.
929 284 981 340 416
1267 271 1330 334 259

50 443 190 506 veritate
221 443 332 523 tacita,
366 463 386 506 a
417 443 493 508 sede
517 440 697 525 apostolica
725 441 919 525 impetratis.
967 441 1117 525 Quodsi
1146 444 1242 510 ambo
1269 446 1332 510 hiis
1368 445 1452 508 1196

52 548 251 631 exequendis
275 548 485 629 nequiveritis
509 549 676 630 interesse,
701 554 747 629 tu,
772 548 874 613 frater
892 549 1145 634 archiepiscope,
1170 572 1210 615 ea
1232 552 1332 616 nichi-
1351 536 1465 610 Apr.1.

51 657 193 722 lominus
218 654 399 736 exequaris.
446 654 570 718 Datum
591 653 749 719 Laterani
761 654 837 719 Kal.
852 654 987 739 Aprilis
1002 656 1212 739 pontificatus
1231 659 1334 723 nostri

55 784 139 827 anno
163 761 304 845 quinto.a

53 996 135 1062 415.
172 997 351 1056 conanus
378 996 429 1055 m
454 997 577 1056 moun
609 997 707 1056 lovan
738 996 768 1055 s.
802 997 946 1056 caman
976 999 1010 1057 a
1037 999 1139 1058 aava
1170 986 1335 1060 sutura

164 1103 290 1162 ecclesiis
312 1122 375 1162 non
391 1103 572 1177 vacantibus,
597 1104 637 1163 ud
653 1104 832 1162 instantiam
849 1103 998 1163 nobilium
1017 1107 1205 1182 qumunolam
1222 1108 1335 1166 clericis

163 1210 319 1269 nonnullis
341 1211 493 1269 ammessia

347 1312 464 1382 Autogr.
483 1311 512 1366 in
531 1311 618 1368 tabul.
638 1317 697 1367 nat.
716 1312 803 1367 Paris.
822 1313 854 1366 L.
875 1313 926 1368 235
945 1330 973 1367 n.
994 1313 1035 1368 16.

143 1470 324 1536 Gelestinus
349 1472 519 1554 episcopus
544 1493 656 1536 servus
681 1493 846 1537 servorum
869 1473 932 1537 Dei
956 1473 1074 1538 dilecto
1098 1472 1165 1539 filio
1188 1473 1333 1540 Roberto
1364 1485 1448 1544 1196

51 1578 169 1644 abbati
193 1577 225 1642 S.
246 1575 402 1642 Germani
425 1578 465 1642 de
482 1578 592 1643 Pratis
617 1579 755 1643 salutem
779 1584 812 1642 et
835 1580 1047 1663 apostolicam
1066 1578 1332 1645 benedictionem.
1352 1574 1452 1636 Mai4·

50 1685 114 1767 Ea,
140 1706 203 1767 que
227 1690 340 1749 contra
364 1691 551 1750 sanctorum
573 1691 704 1768 patrum
732 1686 954 1751 institutiones
978 1691 1174 1769 attemptata
1197 1706 1332 1751 noscun-

51 1799 118 1872 tur,
144 1790 298 1855 festinata
321 1793 471 1855 convenit
492 1792 675 1876 provisione
700 1793 873 1875 corrigere,
898 1813 948 1874 ne,
973 1793 1001 1856 si
1025 1813 1064 1856 ea
1088 1791 1207 1856 clausis
1232 1791 1333 1857 oculis

51 1905 270 1978 transeamus,
295 1919 395 1981 prava
418 1899 452 1961 in
467 1898 733 1964 consuetudinem
756 1898 911 1963 reducere
934 1898 1111 1977 videamur.
1150 1897 1235 1963 Sane
1250 1900 1335 1962 sicut

53 2027 93 2070 ex
117 2010 211 2088 parte
234 2010 292 2068 tua
314 2009 425 2069 nostre
449 2002 512 2068 fuit
535 2004 698 2068 audientie
723 2004 934 2086 declaratum,
959 2027 1032 2070 oum
1055 2012 1092 2070 tu
1110 2011 1144 2070 ct
1166 2005 1334 2089 predeces-

53 2133 109 2177 sor
132 2117 207 2174 tuus
231 2110 390 2193 quasdam
413 2133 477 2176 non
495 2118 648 2176 vacantes
673 2111 827 2176 ecclesias
851 2111 894 2175 ad
916 2112 1108 2176 instantiam
1132 2111 1335 2195 quorundam

54 2217 212 2283 nobilium
245 2216 440 2299 quibusdam
471 2217 597 2281 clericis
628 2218 852 2283 concesseritis
885 2216 999 2284 contra
1021 2218 1254 2284 Lateranensis
1287 2219 1334 2281 in-

56 2324 172 2388 stituta
194 2323 322 2388 concilii
344 2329 478 2406 propter
500 2325 680 2407 pensiones,
706 2346 787 2406 quas
812 2324 949 2389 ecclesia
972 2324 1004 2390 S.
1031 2325 1186 2391 Germani
1213 2324 1335 2389 eisdem

58 2429 182 2494 clericis
206 2430 299 2493 annis
324 2429 458 2511 singulis
483 2435 613 2495 tenetur
636 2430 796 2512 exolvere,
825 2432 986 2495 iacturam
1014 2433 1153 2497 sustinet
1179 2454 1245 2496 non
1267 2453 1334 2496 mo-

60 2534 163 2600 dicam
186 2542 220 2600 et
242 2557 426 2618 gravamen.
474 2536 555 2601 Cum
579 2537 678 2619 igitur
704 2536 737 2600 id
766 2539 867 2601 sacris
896 2544 1052 2603 noscatur
1075 2537 1252 2604 canonibus
1276 2537 1335 2601 ini·

61 2643 185 2724 micum,
210 2664 268 2707 nos
293 2642 424 2707 easdem
448 2643 671 2708 concessiones
699 2644 733 2707 in
760 2644 890 2708 irritum
913 2651 1102 2709 revocantes
1131 2666 1151 2709 a
1174 2642 1335 2708 solvendis

63 2749 266 2831 pensionibus
290 2755 323 2813 tc
347 2755 379 2813 et
403 2749 573 2814 ecclesiam
597 2756 687 2814 tuam
711 2749 750 2815 de
775 2758 883 2817 cetero
914 2750 1063 2815 duximus
1092 2750 1334 2816 absolvendum.

10 2940 12 2963 Ι
65 2853 146 2919 Nulli
168 2875 244 2937 ergo
268 2856 397 2920 omnino
420 2856 586 2920 hominum
617 2856 728 2938 liceat,
752 2857 836 2921 hanc
860 2858 1012 2941 paginam
1042 2863 1153 2922 nostre
1181 2858 1336 2922 coustit-

66 2961 155 3026 tionis
186 2960 361 3044 infringere
391 2961 442 3026 vel
476 2963 505 3026 ei
538 2984 620 3026 ausu
650 2965 823 3029 temerario
852 2964 1023 3029 contraire.
1070 2962 1105 3027 Si
1129 2964 1202 3045 quis
1226 2968 1336 3027 autem

65 3060 119 3132 hoo
151 3072 347 3151 attemptare
379 3071 627 3152 presumpserit,
660 3069 916 3152 indignationem
948 3069 1178 3152 omnipotentis
1208 3068 1271 3132 Dei
1303 3073 1336 3132 et

22 3222 25 3227 -
67 3171 229 3240 beatorum
252 3175 343 3239 Petri
367 3181 400 3239 et
422 3175 518 3239 Pauli
551 3175 772 3258 apostolorum
804 3177 873 3240 eius
904 3197 938 3240 se
966 3176 1092 3240 noverit
1120 3176 1335 3239 incursurum.

66 3276 180 3345 Datum
203 3281 307 3346 Rome
339 3282 427 3364 apud
460 3289 608 3347 sanctum
639 3283 773 3347 Petrum
795 3281 867 3346 ΠΠ
896 3282 978 3348 Non.
1002 3281 1095 3365 Maii,
1127 3281 1336 3364 pontificatus

67 3388 164 3453 nostri
187 3408 271 3454 anno
296 3394 397 3453 sexto.

62 3621 140 3689 416.
176 3624 356 3683 Coelostinus
385 3625 437 3683 ΙΙΙ
462 3626 584 3685 Robarto
616 3625 713 3684 abbati
744 3625 774 3685 S.
807 3625 951 3683 Germani
982 3625 1015 3683 cla
1042 3624 1144 3683 Pratis
1174 3624 1275 3684 scribit
1304 3625 1337 3683 de

167 3731 343 3790 monasterii
366 3732 476 3807 officiis
498 3733 534 3791 in
562 3733 687 3808 seudum
713 3732 857 3790 concessis
884 3750 918 3790 ao
940 3732 974 3790 ote
996 3731 1114 3790 caducus
1141 3731 1239 3802 bonis,
1264 3748 1338 3806 quae

168 3823 349 3896 monasterio
372 3838 406 3897 de
428 3838 632 3897 immobilitas
654 3838 818 3897 acciderint.
1328 3819 1332 3826 ’

352 3958 469 4028 Autogr.
489 3956 518 4011 in
536 3957 625 4012 tabul.
644 3963 702 4012 nat.
721 3956 807 4010 Paris.
827 3955 860 4009 L.
880 3955 931 4029 235
950 3974 978 4010 n.
999 3958 1040 4010 17.

147 4114 330 4181 Gelestinus
354 4117 524 4199 episcopus
549 4135 659 4179 servus
683 4137 849 4180 servorum
871 4115 934 4180 Dei
961 4116 1079 4182 dilecto
1103 4115 1169 4180 filio
1192 4114 1336 4180 Roberto
1374 4127 1458 4187 1196

58 4223 172 4289 abbati
197 4224 302 4286 sancti
321 4220 477 4287 Germani
496 4222 536 4286 de
551 4221 660 4286 Pratis
685 4222 824 4286 salutem
848 4228 881 4287 et
904 4222 1122 4305 apostolicam
1139 4221 1336 4287 benedictio·
1354 4216 1475 4276 Mailss·

57 4351 142 4395 nem.
182 4327 326 4392 Tuarum
345 4328 438 4394 nobis
458 4329 608 4410 exposuit
626 4329 825 4393 continentia
843 4329 1037 4410 litterarum,
1063 4328 1159 4410 quod,
1180 4349 1253 4392 cum
1266 4348 1338 4410 pre-

58 4437 247 4502 decessores
270 4435 318 4498 tui
337 4434 446 4518 plures
466 4434 623 4517 homines,
643 4442 680 4498 ut
698 4442 753 4499 tue
772 4435 906 4500 ecclesie
927 4435 1135 4516 deservirent,
1160 4434 1200 4499 de
1224 4433 1339 4500 officiis

147 4622 160 4646 ⁸
178 4619 301 4679 conpara
318 4619 431 4665 adhibitis
449 4619 578 4678 liquoribus
595 4620 621 4665 ln
638 4619 756 4666 nonnullis
775 4619 832 4665 locvs
850 4618 897 4677 isai
912 4621 960 4666 mm
977 4620 1062 4678 nequit.

1074 4701 1126 4756 17*
