3098 5056
221 250 285 312 202
565 264 754 317 Anuxnnuni
772 276 810 316 111
832 276 999 317 ueneronnu
1017 262 1077 317 338.
1097 264 1149 318 339

220 429 307 494 338.
332 429 557 488 Aleuouderlll
574 429 715 503 iuopistio
739 428 855 487 Oddoui
871 428 1053 487 Biturieeusi
1074 429 1280 487 eoiteelturioua
1302 431 1409 488 usserit
1427 447 1504 504 pro-

330 536 470 612 bibatque,
497 554 534 593 ue
548 535 624 611 ‚quis
646 535 681 593 iu
703 535 773 593 citio
791 535 972 594 Biturieeusi
994 535 1119 594 doctoris
1141 536 1278 611 officium
1295 537 1403 596 audeat
1421 555 1505 595 euer-

332 661 400 715 eere,
424 641 487 699 uisi
504 641 595 728 prius
617 641 653 700 ob
675 641 740 715 ipso
763 641 912 700 lieeutieiu
935 641 1090 716 expetierit.

328 760 401 815 Bibl.
420 765 478 814 nat.
498 759 584 814 Paris.
604 759 729 814 Chartul.
740 759 854 815 Bituric.
875 778 895 814 s.
906 773 975 813 xm.
995 777 1046 813 ms.
1065 760 1114 814 lat.
1129 777 1302 832 nouuaequ.
1313 762 1394 815 1274.

806 848 852 903 fol.
873 850 914 902 17,
1392 877 1395 882 ·

36 1020 201 1081 1159-81.
310 1009 496 1073 Alexander
519 1014 595 1073 etc.⁸
618 1008 736 1074 dilecto
763 1007 830 1072 filio
858 1010 1014 1089 magistro
1039 1007 1166 1095 Od(oni)
1190 1009 1383 1075 cancellario
1408 1009 1501 1073 Bitu-

221 1116 338 1179 ricensi
362 1116 501 1180 salutem
525 1121 600 1180 010.Ε
645 1114 745 1178 Iustis
778 1115 959 1197 petentium
991 1115 1159 1180 desideriis
1194 1117 1329 1199 dignum
1359 1123 1411 1180 est
1442 1138 1502 1180 nos

221 1221 349 1286 facilem
378 1222 535 1305 praebere
565 1243 757 1286 consensum
781 1227 814 1284 et
836 1226 921 1302 vota,
955 1241 1039 1302 quae
1071 1244 1091 1286 a
1119 1224 1256 1288 rationis
1279 1223 1412 1287 tramite
1436 1244 1501 1287 non

222 1327 418 1409 discordant,
443 1327 559 1392 effectu
577 1334 793 1411 prosequente
813 1328 984 1411 complere.
1022 1329 1215 1413 Eapropter‚
1240 1329 1357 1394 dilecte
1381 1328 1415 1391 in
1434 1327 1502 1392 Do·

221 1435 308 1499 mino
331 1432 388 1516 fili,
412 1435 477 1497 tuis
501 1435 595 1498 iustis
618 1434 890 1517 postulationibus
909 1440 1003 1516 grato
1022 1442 1250 1500 concurrentes
1270 1456 1407 1499 assensu
1426 1454 1502 1497 can-

222 1541 388 1604 cellariam
410 1540 657 1622 Bituricensem,
691 1541 775 1603 sicut
798 1561 869 1604 eam
892 1541 977 1605 iuste
999 1547 1039 1631 ‘et
1060 1541 1195 1625 pacifice
1218 1541 1376 1625 possides,
1404 1541 1440 1603 in
1465 1560 1503 1603 ea

220 1646 387 1728 libertate,
415 1647 449 1709 in
472 1668 537 1728 qua
559 1648 664 1731 ipsam
692 1652 912 1710 antecessores
935 1648 984 1711 tui
1010 1648 1164 1713 habuisse
1192 1654 1382 1729 noscuntur,
1407 1647 1502 1711 devo-

220 1754 301 1818 tioni
328 1757 384 1817 tue
411 1755 605 1818 auctoritate
639 1753 818 1836 apostolica
851 1751 1077 1817 confirmamus
1111 1760 1144 1818 et
1174 1754 1355 1837 praesentis
1389 1753 1502 1835 scripti

221 1860 401 1943 patrocinio
422 1861 665 1925 communimus
704 1858 757 1923 Ad
775 1859 835 1922 hec
854 1861 1048 1924 auctoritate
1067 1861 1288 1943 praesentium
1306 1859 1502 1940 inhibemus²

221 1987 261 2030 ne
286 1967 358 2047 quis
383 1965 523 2031 doctoris
547 1964 688 2031 officium
711 1967 746 2029 in
763 1965 841 2029 villa
854 1965 1061 2048 Bituricensi,
1080 1968 1144 2030 nisi
1167 1989 1187 2031 a
1209 1973 1242 2031 te
1261 1966 1351 2049 prius
1369 1965 1505 2029 licentia

221 2071 320 2136 tuerit
343 2073 496 2154 expetita,
521 2071 668 2154 qualibet
695 2072 828 2136 levitate
857 2072 976 2135 audeat
1004 2093 1167 2155 exercere,
1194 2074 1243 2137 ita
1265 2078 1377 2137 tamen
1398 2078 1438 2136 nt
1461 2072 1503 2136 ab

221 2178 283 2258 his,
307 2179 364 2260 qui
387 2178 501 2243 docere
524 2179 574 2242 vel
598 2179 705 2261 legere
728 2178 898 2260 voluerint,
922 2178 1048 2243 nullum
1071 2180 1200 2243 omnino
1223 2180 1369 2261 precium
1393 2179 1503 2262 exiga-

222 2290 284 2348 tur.
331 2284 403 2349 Hoc
426 2285 557 2367 quidem
580 2284 676 2350 modo
699 2285 846 2348 volumus
870 2285 1045 2367 provideri,
1073 2291 1111 2348 ut
1137 2306 1197 2348 nec
1219 2284 1344 2349 idoneis
1367 2285 1503 2349 lieentia

222 2390 399 2472 denegetur
430 2412 490 2454 nec
521 2391 660 2455 indoctis
693 2397 726 2455 et
752 2391 974 2473 incompositis
1005 2390 1054 2454 fas
1083 2392 1126 2454 sit
1153 2390 1195 2455 ad
1227 2390 1389 2456 docendos
1420 2392 1502 2456 alios

223 2498 378 2579 aspirare.
425 2497 513 2561 Nulli
538 2518 612 2579 ergo
637 2498 766 2563 omnino
789 2497 956 2562 hominum
979 2497 1076 2561 liceat
1100 2497 1177 2561 etcb

222 2855 310 2920 339.
329 2857 494 2916 Ateuouder
516 2856 567 2915 ΙΙΙ
580 2857 722 2932 probibet,
746 2876 783 2915 ue
805 2857 917 2916 sebolee
935 2857 1134 2916 Biturieeuses
1151 2858 1315 2916 eetuboutur
1337 2877 1408 2916 uere
1431 2859 1499 2935 quis

333 2964 398 3022 siue
413 2964 530 3022 tieeutio
549 2963 659 3022 Odouis
678 2963 851 3023 orebiseboti
868 2964 903 3021 iu
921 2964 1051 3021 urbevet
1068 2964 1219 3022 suburbiis
1236 2966 1368 3038 „tepere‘
1386 2966 1500 3026 audeat.

253 3120 257 3129 .
328 3081 400 3136 Bibl.
420 3088 477 3137 nat.
496 3082 584 3136 Paris.
595 3082 721 3137 Chartul.
732 3082 846 3136 Bituric.
872 3095 973 3135 snm.
992 3099 1044 3135 ms.
1063 3081 1111 3136 lat.
1130 3100 1213 3138 nouv.
1224 3100 1302 3153 aequ.
1313 3083 1391 3137 1274.

807 3171 854 3225 fol.
874 3170 915 3224 18.

35 3334 201 3393 1159-81.
308 3329 593 3394 111010111101010.ο
625 3328 730 3395 Odoni
757 3329 954 3396 archiscolod
976 3330 1182 3395 Bituricensi.
1221 3329 1255 3394 Si
1282 3331 1413 3411 quando
1439 3355 1494 3415 po·

221 3434 361 3498 stulatnr
385 3457 405 3499 a
427 3435 531 3517 nobie,
556 3436 642 3519 quod
665 3438 784 3502 rationi
808 3437 978 3502 conveniat
1001 3442 1033 3501 et
1056 3443 1210 3502 consonet
1231 3437 1411 3519 honestati,
1443 3459 1497 3521 pe-

220 3541 358 3604 tentium
383 3541 551 3606 desideriis
575 3543 765 3608 clementius
789 3565 847 3607 nos
872 3544 1021 3608 convenit
1045 3543 1300 3608 condescendere
1330 3552 1497 3610 eteorum

220 3652 296 3711 vota
328 3646 444 3712 effectu
475 3655 691 3732 prosequente
724 3650 896 3732 complere.
943 3649 1021 3713 Tuis
1054 3650 1165 3732 itaque
1197 3650 1410 3732 petitionibus
1444 3674 1497 3715 an-

220 3758 355 3817 nuentes
380 3761 412 3817 et
438 3763 671 3838 prosequentes
702 3755 800 3820 officii
827 3756 931 3820 nostri
959 3755 1117 3838 debitum,
1148 3757 1343 3821 auctoritate
1371 3764 1498 3841 aposto-

220 3857 284 3923 lica
306 3860 525 3944 prohibemus,
549 3883 589 3926 ne
612 3869 648 3926 tu
671 3862 721 3927 vel
745 3863 883 3944 quilibet
906 3862 989 3925 alius
1013 3863 1117 3927 scolas
1135 3863 1356 3927 Bituricenses
1380 3864 1498 3929 audeat

220 3965 359 4030 vendere
382 3988 441 4030 neo
465 3967 562 4031 alicui
585 3968 683 4032 liceat
707 3969 775 4032 sine
797 3968 930 4033 licentia
952 3974 1011 4032 tua
1034 3969 1084 4032 vel
1113 3991 1335 4034 successorum
1357 3975 1496 4049 tuorum,

221 4070 393 4137 dummodo
414 4074 498 4138 scole
530 4096 594 4139 non
627 4074 816 4155 vendantur,
849 4075 883 4137 in
906 4075 986 4139 urbe
1009 4075 1060 4138 vel
1088 4075 1251 4139 suburbiis
1278 4076 1402 4158 legere,
1436 4076 1496 4139 nisi

220 4176 302 4242 forte
326 4179 444 4261 aliquis
469 4182 696 4245 canonicorum
715 4181 852 4245 alicuius
873 4182 1027 4245 ecclesiae
1041 4180 1255 4245 Bituricensis
1272 4183 1495 4247 concanonicis

221 4286 286 4348 suis
311 4292 368 4349 aut
391 4287 516 4350 clericis
549 4286 588 4350 de
621 4286 718 4351 choro
750 4288 853 4370 ipsius
882 4288 1037 4352 ecclesiae
1069 4293 1197 4351 tantum
1220 4288 1327 4370 legere
1350 4289 1495 4353 voluerit.

219 4389 308 4454 Nulli
333 4413 409 4474 ergo
432 4393 598 4457 hominum
621 4393 728 4474 liceat,
752 4394 837 4458 hanc
859 4395 1012 4477 paginam
1036 4393 1112 4458 etot)

308 4610 320 4634 ⁸
337 4612 371 4656 sie
389 4612 441 4657 cod.
514 4604 578 4657 bote
596 4612 664 4670 cod.;
682 4619 757 4658 cua-a
775 4612 862 4658 11010111.
954 4613 1016 4658 csie
1033 4613 1086 4660 cod.
1158 4606 1314 4659 “archicole
1331 4629 1351 4661 c.
