3098 5056
220 234 282 295 114
635 245 771 300 Euenum
788 258 825 298 111
843 257 1010 299 arlsronan
1029 244 1081 299 213

217 412 297 477 213.
329 412 481 487 Enguinos
504 410 555 471 HI
572 410 803 469 brenemensem
825 417 851 469 ct
879 410 1076 469 Woarianacm
1098 410 1245 486 episcopm
1271 409 1425 468 constituit
1447 410 1496 468 ia-

328 518 404 577 dicas
425 518 502 576 inlu
520 517 726 576 Mimaadosm
748 518 915 593 episcopam
939 517 1127 575 Uecticeasem
1150 522 1176 582 a
1193 516 1393 575 Bertraodam
1410 517 1496 592 prio-

328 643 390 683 rem
417 624 670 683 Gordaaiceascnn.

474 760 546 815 Bibl.
565 764 622 814 nat.
641 760 728 814 Paris.
747 777 797 815 ms.
817 759 865 815 lat.
886 759 972 815 13816
990 777 1012 814 s.
1031 773 1102 814 xvn
1119 758 1166 813 fol.
1187 757 1228 812 78.

91 963 175 1021 1153
305 957 470 1040 Eugenius
495 957 663 1039 episcopus
688 978 798 1020 servus
823 977 987 1020 servorum
997 954 1059 1020 Dei
1077 954 1316 1020 venerabilibus
1335 953 1492 1019 fratribus

67 1052 133 1110 111ss-
146 1052 196 1110 28·
216 1063 376 1149 A(lberto)
398 1063 612 1127 Nemausensi
635 1070 667 1126 et
690 1061 887 1147 G(uillelmo)
910 1061 1094 1126 Vivariensi
1117 1062 1277 1144 episcopis
1297 1061 1437 1125 salutem
1460 1068 1494 1126 ct

216 1171 428 1253 apostolicam
452 1169 719 1234 benedictionem.
759 1168 1009 1233 Fraternitatis⁸
1032 1172 1160 1233 vestrae
1182 1168 1305 1249 literas,
1330 1189 1413 1250 quas
1437 1190 1492 1233 no·

204 1276 264 1346 ,bis
285 1298 382 1359 super
400 1297 508 1358 causa,
529 1297 611 1359 quae
625 1277 710 1340 inter
723 1275 941 1340 venerabilem
959 1274 1093 1338 fratrem
1111 1280 1258 1338 nostrum
1267 1271 1493 1358 E(vrardum)b

213 1383 438 1447 Uzeticensem
470 1384 656 1466 episcopum
688 1388 721 1446 et
752 1381 905 1446 dilectum
936 1379 1039 1444 filium
1070 1386 1218 1445 nostrum
1249 1378 1492 1464 B(ertrandum)

215 1489 490 1554 Gordanicensem
508 1490 649 1571 priorem
666 1488 760 1553 nobis
781 1486 1005 1569 delegantibus
1020 1508 1129 1553 coram
1143 1487 1251 1552 vobis⁰
1270 1486 1420 1568 delegata
1431 1493 1490 1567 est,

213 1596 453 1677 transmisistis,
487 1595 659 1677 diligenter
691 1595 898 1659 attendimus
946 1593 1096 1658 Ceterum
1124 1592 1211 1676 quod
1239 1594 1273 1656 in
1296 1614 1397 1658 causa
1419 1593 1492 1676 ipsa

213 1707 323 1766 vestra
346 1701 543 1783 fraternitas,
567 1706 664 1784 prout
682 1702 817 1766 rationis
837 1701 915 1765 ordo
935 1699 1139 1781 suggerebat,
1159 1700 1333 1783 procedere
1353 1699 1490 1781 distulit,

213 1809 277 1872 nisi
300 1808 377 1890 quia
400 1807 469 1872 sedi
500 1809 698 1890 apostolicae
730 1808 945 1872 reverentiam
976 1805 1128 1870 exhibere
1155 1808 1189 1870 in
1217 1807 1285 1872 eius
1312 1806 1491 1890 privilegiis

212 1913 397 1978 humilitate
429 1912 541 1978 debita
576 1914 738 1995 voluistis,
771 1913 864 1978 nobis
892 1913 1066 1996 plurimum
1101 1914 1260 2000 displicet.
1315 1913 1491 1995 Privilegia

214 2021 299 2084 enim
322 2042 386 2084 non
410 2041 537 2104 semper
559 2021 624 2102 ius,
659 2019 746 2102 quod
772 2041 837 2084 non
858 2019 1011 2102 habetur,
1045 2019 1228 2102 conferunt,
1262 2018 1319 2084 sed
1340 2019 1492 2083 habitum

214 2132 415 2191 conservant.
453 2126 503 2190 Ea
521 2133 654 2210 propter
673 2127 794 2191 diutius
814 2128 961 2208 expensis
982 2148 1020 2191 ac
1037 2125 1205 2192 laboribus
1224 2127 1393 2208 utriusque
1415 2147 1490 2208 par-

213 2233 255 2296 tis
279 2238 416 2314 patema
439 2232 639 2315 benignitate
662 2254 796 2316 parcere
820 2233 997 2315 cupientes
1022 2232 1064 2296 ad
1087 2253 1221 2297 examen
1248 2239 1392 2297 vestrum
1414 2253 1490 2296 ean-

213 2339 287 2402 dem
310 2340 562 2404 controversiam
585 2340 750 2404 remittere
775 2340 906 2422 dignum
931 2338 1079 2403 duximus
1103 2338 1166 2405 fine
1186 2339 1295 2405 debito
1313 2340 1489 2404 terminan-

214 2445 298 2510 dam.
336 2445 401 2509 Per
422 2447 608 2528 praesentia
632 2447 754 2528 scripta
776 2447 887 2528 itaque
905 2445 996 2511 vobis
1019 2446 1221 2530 mandamuS,
1247 2452 1407 2530 quatenus
1431 2468 1489 2529 pro

213 2552 292 2634 ipsis
315 2551 503 2634 privilegiis,
537 2573 621 2634 quae
652 2552 744 2617 vobis
777 2573 875 2634 super
902 2552 1101 2616 discussione
1125 2554 1226 2637 ipsius
1251 2554 1489 2619 controversiae

213 2663 344 2722 ostensa
367 2664 451 2740 sunt,
475 2658 659 2723 nullatenus
683 2659 865 2740 dimittatis,
890 2660 968 2741 quin
992 2660 1135 2742 seposita
1161 2659 1489 2743 omni-appellatione

212 2765 246 2827 in
270 2763 383 2828 eadem
406 2785 505 2829 causa
533 2766 709 2830 secundum
732 2766 890 2829 iustitiam
908 2765 1103 2848 procedatis.
1142 2764 1237 2848 Quod
1264 2773 1373 2831 autem
1396 2786 1488 2848 prae-

213 2870 319 2935 dictus
351 2869 453 2934 frater
482 2877 592 2935 noster
614 2871 815 2936 Uzeticensis
841 2873 1010 2955 episcopus
1041 2873 1221 2938 autenticas
1249 2873 1362 2937 literas
1386 2870 1488 2934 felicis

213 2976 387 3041 memoriae
410 2999 515 3059 papae
529 2977 710 3045 Innocentii
724 2979 884 3061 opposuit,
909 2979 943 3041 in
962 2979 1080 3060 quibus
1099 2980 1183 3043 sicut
1207 2980 1390 3063 accepimus
1415 2998 1488 3042 con-

212 3083 344 3164 tinetur,
360 3082 559 3165 donationes,
580 3084 817 3165 concessiones,
838 3083 1136 3150 inbeneficiationes
1156 3085 1488 3171 aRaimtundofflze-

212 3190 328 3254 ticensi
351 3191 501 3273 episcopo
524 3190 682 3254 inutiliter
705 3190 818 3272 factas,
843 3191 953 3255 irritas
977 3212 1057 3273 esse,
1083 3213 1260 3277 censemuS,
1285 3217 1349 3260 non
1373 3191 1488 3258 debetd

212 3317 268 3359 vos
288 3317 425 3377 movere,
446 3297 473 3360 si
492 3295 582 3360 vobis
602 3301 652 3361 est
669 3296 812 3378 legitime
826 3296 1009 3379 probatum,
1035 3298 1121 3379 quod
1135 3299 1168 3362 in
1182 3302 1367 3382 praesentia
1385 3300 1486 3383 ipsius

213 3423 318 3485 papae
341 3401 383 3465 ab
403 3402 515 3466 eodem
529 3400 712 3468 Raimundo
733 3404 883 3486 episcopo
902 3405 1065 3468 restitutio
1089 3426 1127 3469 ac
1146 3406 1276 3473 donatio
1299 3405 1364 3471 XV
1387 3408 1486 3473 eccle-

214 3509 335 3593 siarum
352 3507 587 3572 Gordanicensi
605 3510 707 3591 priori
726 3509 813 3573 facta
831 3509 929 3574 fuerit
948 3516 981 3574 et
997 3513 1204 3594 postmodum
1228 3513 1372 3579 eiusdem
1395 3536 1487 3597 prae-

213 3614 391 3679 decessoris
414 3616 518 3680 nostri
540 3616 707 3699 privilegio
732 3615 931 3681 confirmata.
977 3616 1049 3682 Non
1077 3619 1162 3683 enim
1186 3620 1271 3702 quod
1300 3642 1394 3684 suum
1418 3630 1487 3686 erat

212 3720 324 3785 illicite
349 3720 493 3803 donavit,
519 3721 575 3786 sed
604 3722 690 3804 quod
714 3722 855 3787 alienum
879 3714 1027 3806 cognovit
1049 3726 1200 3789 restituit.
1248 3726 1425 3792 Praeterea
1449 3727 1487 3791 dc

213 3848 278 3892 uno
300 3828 541 3911 privilegiorum
565 3829 720 3893 antedicti
743 3828 853 3893 fratris
872 3831 975 3894 nostri
993 3830 1086 3896 nobis
1107 3841 1294 3915 suggestum
1317 3839 1376 3915 est,
1401 3836 1487 3916 quod

213 3939 288 4015 post
319 3939 441 3998 motam
474 3936 725 4000 controversiam
758 3957 777 3999 a
809 3936 901 4000 nobis
934 3936 1033 4001 fuerit
1062 3939 1280 4022 impetratum.
1333 3939 1427 4023 Quod
1460 3944 1487 4005 si

213 4060 323 4103 verum
347 4045 406 4120 est,
432 4040 586 4104 adversae
605 4042 708 4124 partis
727 4042 886 4106 iustitiam
905 4065 968 4108 non
988 4043 1084 4109 debet
1102 4047 1292 4112 imminuere
1310 4062 1367 4113 seu
1385 4055 1486 4113 retar-

214 4144 300 4210 dare.
347 4146 470 4211 Datum
493 4146 616 4211 Romae
641 4149 727 4231 apud
751 4147 906 4214 Sanctum
929 4150 1063 4215 Petrum
1087 4151 1135 4216 IV
1157 4152 1323 4218 Kalendas
1347 4153 1431 4218 Iulii.

300 4490 312 4514 ⁸
330 4486 493 4536 Fraternitati
511 4506 530 4536 c.
612 4484 735 4539 bocou.
799 4490 899 4538 cnobis
917 4509 936 4539 o.
1010 4487 1204 4554 decimandum
1221 4498 1325 4545 ridebo:
1349 4511 1485 4555 censemus,

213 4574 260 4622 hoc
277 4590 327 4623 non
345 4575 435 4624 debere
454 4592 497 4626 vos
515 4592 616 4626 movere
634 4581 670 4626 rel
688 4579 756 4640 quod
774 4594 825 4628 non
843 4579 917 4628 debet
935 4595 979 4628 vos
997 4596 1105 4632 movere.
