3098 5056
406 256 598 310 Anuxxxnar
616 270 641 310 11
659 268 826 309 mrsronxx
845 256 886 309 69.
912 256 953 311 70.
981 257 1013 308 71
1309 242 1350 303 39

29 461 32 468 ·
100 417 289 481 triarcharum
316 417 504 500 episcopum
531 437 626 499 posse
650 415 811 498 deponere
844 416 1012 496 canonice,
1045 417 1108 480 nisi
1140 417 1230 498 prius
1258 416 1352 481 data·
1369 427 1501 489 0,1061,

28 582 30 587 .
98 524 173 588 fuerit
194 525 357 589 sententia
381 523 466 588 sedis
491 521 678 604 apostolice.

28 880 31 885 y
95 793 140 859 69.
164 795 325 854 Alexander
347 794 384 853 H
400 795 497 853 abban
519 793 728 854 Abendmreresr'
749 793 878 865 nuntiet,
907 813 968 853 sese
990 794 1138 853 Alieetum
1160 795 1210 852 mia
1232 795 1353 853 retinere

162 902 296 974 caluisse,
321 901 384 959 lieet
405 901 493 959 crime
510 919 655 976 personas
676 901 878 976 undecumque
900 901 999 975 elegere
1022 902 1080 959 sibi
1103 902 1192 960 liceat.

426 1020 496 1075 0011.
515 1020 584 1074 sat.
603 1020 683 1074 Alex.
700 1012 744 1090 ep.
765 1022 790 1086 5,
809 1020 826 1073 1.
847 1020 864 1073 1.
885 1020 931 1074 τοι.
950 1006 992 1075 iro.

163 1180 346 1244 Alexander
373 1178 505 1245 Orricob
529 1179 721 1244 Abendunsi
740 1180 863 1244 abbati.
901 1179 995 1244 Licet
1013 1187 1123 1245 nostre
1147 1182 1351 1246 auctoritatis
1373 1184 1467 1247 1062.

97 1287 134 1366 sit,
154 1287 189 1351 de
213 1288 369 1351 canonica
392 1287 443 1349 vel
466 1286 663 1351 monasterio
682 1307 778 1369 posse
802 1287 930 1368 eligere,
956 1308 1053 1369 quem
1072 1293 1204 1351 sanctae
1224 1295 1352 1369 aposto-

96 1391 141 1456 lice
160 1394 225 1458 sedi
248 1393 363 1457 utilem
387 1399 419 1457 et
442 1393 662 1456 necessarium
686 1393 921 1475 approbamus⁰
944 1393 1026 1474 fore,
1056 1401 1165 1458 tamen
1188 1393 1352 1458 Alivetum

97 1496 175 1563 filium
197 1506 345 1564 nostrum
368 1501 421 1563 vix
444 1499 654 1581 multipharia
677 1501 816 1563 retinere
840 1500 1000 1563 valuimus
1020 1503 1236 1565 excusatione.

95 1783 141 1852 70.
164 1791 326 1849 Alecoader
344 1789 381 1847 ΙΙ
403 1789 537 1865 Goffredo
555 1789 687 1864 episeopo
710 1789 928 1847 Constanteerese‘
946 1790 1103 1865 signifieat,
1123 1809 1184 1849 sese
1205 1791 1268 1849 m'ro
1291 1791 1353 1848 erei-

161 1896 238 1969 dam,
263 1897 316 1973 qm'
338 1897 439 1972 filium
462 1896 497 1953 in
516 1895 583 1953 lecto
602 1914 657 1953 suo
676 1896 761 1953 laeta
779 1914 809 1953 se
827 1902 980 1954 erminum
997 1897 1142 1972 repererit,
1166 1896 1240 1956 duos
1258 1916 1354 1955 annos

155 2004 352 2078 poenitentiae
372 2003 524 2061 'indumine
546 2002 702 2059 remisisse.

426 2121 498 2177 Ooll.
517 2121 587 2175 Brit.
605 2120 686 2175 Alex.
706 2138 748 2191 ep.
769 2120 867 2187 6,1.1.
887 2121 933 2176 fol.
953 2122 996 2176 40.

159 2281 347 2346 Alexander
370 2281 517 2348 Goifrido
542 2279 748 2345 Constantie¹
777 2281 937 2364 episcopo.
984 2281 1190 2345 Presentium
1214 2280 1352 2362 portitor
1373 2295 1466 2353 1062,

81 2385 266 2453 litterarium
289 2388 417 2453 litteras
441 2387 656 2450 fraternitatis
680 2394 785 2451 vestre
810 2388 852 2451 ad
876 2410 934 2451 nos
958 2388 1114 2465 deferens,
1139 2408 1271 2477 manum
1293 2388 1351 2450 mi-

78 2494 245 2559 sericordie
269 2494 514 2559 lacrimabiliter
537 2515 557 2557 a
581 2493 673 2557 nobis
698 2495 806 2576 petiit,
831 2495 952 2575 dicens,
977 2516 1011 2558 se
1035 2494 1136 2558 filium
1161 2516 1255 2558 suum
1283 2494 1352 2557 sine

74 2600 269 2684 baptismate
292 2603 326 2665 in
349 2601 436 2665 lectu
460 2622 518 2664 suo
546 2606 644 2664 noctu
677 2600 768 2664 iuxta
791 2622 825 2664 se
858 2608 1020 2665 mortuum
1048 2603 1221 2684 reperisse,
1250 2606 1283 2664 et
1311 2601 1351 2665 ob

71 2707 129 2772 hoc
152 2729 173 2772 a
196 2708 288 2772 vobis
312 2708 555 2790 quinquennem
573 2707 787 2789 penitentiam
806 2709 979 2790 accepisse.
1010 2706 1103 2771 Circa
1119 2729 1215 2789 quem
1232 2708 1352 2770 intuitu

68 2814 202 2897 pietatis
227 2821 260 2878 et
282 2821 399 2896 rogatu
422 2821 528 2878 vestre
553 2813 732 2878 devotionis
756 2815 882 2878 viscera
907 2815 1127 2879 misericordie
1152 2813 1351 2893 exhibentes

68 2921 148 2986 duos
174 2942 277 2984 annos
301 2921 477 3003 penitentie
511 2941 609 3003 super
640 2920 838 3002 negligentia
872 2920 1015 2985 defuncti
1045 2920 1104 2984 filii
1128 2942 1147 2983 a
1171 2919 1281 2983 vobis‘¹
1303 2922 1351 2983 in-

65 3029 176 3091 iuncte
201 3027 382 3109 apostolica
405 3027 601 3091 auctoritate
624 3027 817 3090 remisimus.

68 3315 122 3382 71.
162 3317 328 3376 Alexander
350 3316 386 3375 II
404 3316 489 3375 Petro
513 3316 643 3391 episeopo
666 3316 821 3375 doleiensi
849 3317 982 3389 nuntiat,
1007 3316 1165 3374 lamonem
1192 3316 1351 3375 emerem-

160 3442 234 3496 sem,
254 3424 400 3482 amandae
419 3428 597 3495 mereseium,
613 3441 673 3481 sese
686 3441 829 3498 purgasse
843 3424 1016 3498 munereque
1029 3441 1083 3481 suo
1097 3423 1266 3481 restitutam
1284 3441 1351 3480 esse.

426 3541 496 3597 Ooll.
516 3544 583 3596 Brit.
602 3542 682 3596 Alex.
703 3559 745 3612 ep.
764 3542 791 3609 8,
810 3541 827 3595 l.
847 3542 864 3595 l.
885 3543 930 3596 fol.
950 3543 993 3597 40.

157 3701 346 3767 Alexander
368 3701 404 3765 H
435 3702 535 3767 Petro
568 3702 780 3766 Aniciensi⁰2¹
801 3702 962 3784 episcopo.
1010 3702 1187 3766 Fulconem
1221 3700 1351 3765 (lartur-
1372 3715 1466 3772 1062,

65 3814 218 3873 censem³
242 3794 440 3892 episcopum,
465 3810 649 3891 symoniace
663 3808 787 3872 heresis
803 3809 932 3872 macula
946 3808 1056 3872 fallaci
1073 3809 1253 3873 obiectione
1273 3831 1350 3890 quo-

64 3916 207 3980 rundam
230 3916 353 3980 invidia
367 3915 575 3995 maculatum,
601 3915 748 3978 districte
763 3936 861 3996 super
874 3915 934 3978 hoc
950 3916 1222 3997 expurgacionem
1246 3913 1351 3978 facere

65 4021 214 4104 fecimus,
240 4043 377 4104 eumque
402 4022 642 4086 studiosissima
665 4022 913 4103 investigatione
938 4022 1201 4085 examinavimus.
1247 4019 1350 4101 Quem

66 4136 144 4193 ante
168 4129 273 4193 altare
297 4129 402 4193 saneti
425 4128 517 4192 Petri
541 4132 574 4191 et
597 4135 840 4192 sacrosanctum
865 4149 980 4210 corpus
1005 4129 1084 4207 eius
1109 4129 1206 4191 tactis
1230 4128 1350 4189 sanctis

130 4322 133 4326 '
156 4314 169 4339 ⁸
187 4314 213 4358 in
231 4313 283 4360 eod.
303 4312 410 4358 addetum
427 4319 461 4358 est
487 4308 598 4369 licentia,
623 4311 665 4356 sed
682 4311 745 4357 linea
763 4312 915 4369 subterposito
939 4312 1035 4356 mlelnm
1054 4318 1093 4357 est.
1175 4302 1285 4354 ''melius
1304 4307 1349 4355 Or-

63 4400 159 4449 derico.
239 4400 467 4462 ⁰aproprobamus
485 4417 505 4447 e.
585 4393 689 4446 duobis
707 4416 726 4445 e.
808 4401 869 4445 θεία
891 4401 991 4446 corneae
1013 4399 1101 4445 Eluald
1122 4399 1148 4444 ia
1170 4398 1246 4444 Neues
1264 4399 1352 4444 Archia

69 4491 94 4539 V.
116 4486 175 4536 330
192 4488 324 4537 Alomensi
342 4490 394 4538 eod.

157 4591 168 4621 ²
186 4591 221 4644 In
239 4590 423 4645 Normannia.
499 4591 509 4620 ²
527 4588 621 4644 Hodie
639 4589 679 4644 Le
696 4589 767 4658 Puy.
841 4589 851 4619 ³
869 4589 963 4644 Hodie
982 4589 1095 4644 Cohors.
