3098 5056
443 258 447 268 ⁵
495 279 632 335 Enouun
649 293 686 334 111
704 292 872 334 arrsronnr
891 281 942 335 203
1293 268 1355 330 107

76 435 261 501 rationibus
285 443 318 502 et
341 438 413 503 aliis
441 439 589 523 pluribus
617 460 657 504 ex
680 444 818 522 utraque
841 446 936 523 parte
959 441 1124 524 inspectis,
1148 443 1213 506 iam
1236 442 1357 507 dictam
1408 441 1493 500 1148

77 539 111 606 S.
135 540 316 609 Salvatoris
340 544 509 609 ecclesiam
542 566 615 609 oum
648 545 795 611 omuibus
828 545 870 609 ad
902 566 975 611 eam
1001 549 1239 632 pertinentibus
1265 549 1357 615 vobis
1374 531 1511 607 APR12·

76 655 111 713 et
140 655 252 716 vestro
284 652 480 717 monasterio
518 651 747 717 adiudicarunt
784 657 817 716 et
852 652 1027 735 praedictis
1064 655 1227 721 canonicis
1260 676 1357 739 super

76 755 193 820 eedem
216 777 316 822 cansa
338 763 531 841 perpetuum
555 758 719 824 silentium
747 758 941 824 indixerunt.
998 760 1065 826 Nos
1089 767 1214 843 autem,
1238 762 1357 845 quibus

76 884 97 927 a
118 861 191 928 Deo
216 868 267 927 est
290 885 442 929 concessa
465 869 620 948 potestas,
644 865 730 930 male
749 870 823 929 acta
846 866 1006 949 corrigere
1034 873 1068 932 et
1094 867 1177 933 bene
1206 867 1357 933 acta'fir·

75 990 178 1051 mare,
203 969 359 1034 iudicium
382 971 488 1054 ipsum
513 970 625 1035 datum
649 992 669 1035 a
691 972 867 1054 praedictis
890 972 965 1037 filiis
988 974 1109 1039 nostris
1137 973 1357 1039 cardinalibus

76 1076 309 1142 confirmamus
337 1081 370 1141 et
396 1077 429 1141 in
457 1082 650 1161 perpetuum
682 1077 805 1159 absque
837 1077 1055 1162 refragatione
1085 1086 1194 1144 ratum
1225 1101 1357 1146 manere

75 1184 289 1249 decrevimus.
335 1182 371 1249 si
399 1183 471 1266 quis
504 1189 614 1249 autem
641 1184 736 1249 huius
764 1189 894 1250 nostrae
923 1184 1176 1252 confirmationis
1205 1187 1358 1271 paginam

76 1291 185 1355 sciens
209 1295 287 1354 eto*

168 1389 218 1477 (sn
240 1401 299 1460 cod.
322 1402 456 1461 additum
479 1403 540 1479 est.)
582 1402 628 1462 De
650 1402 703 1461 boc
725 1421 756 1461 rc
778 1403 878 1461 scribit
900 1403 989 1461 ctione
1007 1403 1137 1480 episeopo
1156 1404 1359 1480 analonensi

74 1514 100 1566 ct
122 1508 259 1581 mandet,
291 1514 326 1567 nt
354 1508 540 1567 Aniaraenses
571 1509 605 1568 in
631 1509 850 1586 possessionem
880 1508 1061 1569 inducantur
1092 1517 1118 1570 'et
1147 1518 1357 1571 conserventur.

75 1609 202 1674 Datum
225 1609 338 1675 Remis
361 1607 397 1673 H
419 1608 498 1673 Idus
521 1608 655 1691 Aprilis.

613 1774 826 1782 ——-—

75 1916 169 1983 203.
189 1917 344 1992 Ennaeas
365 1916 418 1975 ΙΙΙ
435 1916 592 1992 confirmat
614 1917 819 1976 subiectionem
847 1918 1036 1976 ernnitnrnnn
1066 1919 1253 1995 qnornndonn
1279 1919 1360 1995 epod

191 2023 314 2082 Fontem
341 2023 469 2082 cenaret
490 2023 661 2096 caventium,
686 2023 739 2099 qni
760 2042 791 2081 se
813 2042 925 2100 snnqne
947 2024 1037 2098 bonno,
1068 2044 1192 2084 maenaa
1220 2025 1359 2084 Willclrni

191 2128 319 2205 episcopi
345 2128 584 2202 Cenomanensis,
608 2129 911 2189 Maiori-monasterio
935 2131 1113 2190 tradiderint.

246 2247 318 2303 Bibl.
336 2252 393 2302 nat.
413 2247 499 2302 Paris.
519 2266 570 2303 ms.
589 2248 638 2303 lat.
659 2247 747 2304 12880
765 2248 811 2304 fol.
831 2250 890 2304 196.
920 2248 1037 2321 Scripsit
1054 2250 1188 2305 Martene.

168 2409 335 2491 Eugenius
367 2409 537 2492 episcopus
570 2428 680 2473 servus
714 2429 879 2475 servorum
901 2408 964 2474 Dei
1002 2410 1126 2474 dilectis
1154 2409 1229 2474 filiis
1253 2408 1358 2475 Guar-
1411 2418 1495 2478 1148

75 2516 170 2581 nerio
194 2515 308 2580 abbati
329 2515 462 2580 Maioris
494 2515 683 2580 monasterii
716 2515 849 2597 eiusque
876 2515 1032 2581 fratribus
1056 2516 1250 2581 salutemet
1282 2507 1513 2600 apo-AP1·1⁶·

77 2623 230 2687 stolicam
264 2621 530 2687 benedictionem.
592 2619 872 2703 Quemadmodum
904 2622 1100 2706 apostolicae
1133 2623 1218 2688 sedis
1247 2628 1357 2688 aucto-

76 2731 162 2793 ritas
186 2727 286 2792 habet
307 2727 410 2792 maleb
434 2735 508 2792 acta
527 2728 696 2811 corrigere,
721 2727 769 2791 ita
792 2728 937 2793 eiusdem
955 2734 1006 2793 est
1024 2729 1105 2793 bene
1125 2736 1200 2794 acta
1218 2728 1358 2794 firmare.

77 2836 132 2900 Ex
167 2834 285 2900 litteris
313 2833 474 2916 siquidem
500 2833 695 2899 venerabilis
723 2833 833 2898 fratris
870 2836 973 2900 nostri
1005 2834 1184 2921 Wlillelmi)
1217 2836 1360 2920 episcopi

78 2940 355 3008 Cenomanneusis
373 2940 583 3023 inspeximus
608 2940 695 3023 quod
714 2941 847 3023 quidam
870 2940 1016 3006 homines
1041 2941 1128 3025 apud
1142 2941 1281 3008 Fontem
1296 2941 1359 3007 Ge-

77 3048 176 3113 hardi
198 3047 398 3130 habitantes,
427 3048 556 3113 nomine
579 3045 771 3129 heremitae,
796 3047 854 3111 sed
876 3048 967 3112 nulla
986 3047 1207 3112 ecclesiastica
1229 3049 1280 3112 vel
1303 3069 1359 3131 pa-

79 3163 169 3219 trum
190 3155 394 3220 institutione
417 3154 583 3236 vivebant,
617 3153 735 3236 quibus
763 3153 895 3217 tandem
919 3153 1072 3218 divinitus
1100 3154 1267 3237 inspiratis
1284 3153 1359 3236 ,pla-

80 3264 159 3344 cuit,
191 3267 230 3326 ut
262 3261 321 3326 sub
353 3265 514 3344 potestate
547 3259 684 3325 fratrum
714 3260 849 3324 Maioris
881 3261 1071 3325 monasterii
1102 3260 1295 3342 regulariter
1328 3265 1361 3324 et

80 3370 230 3436 ordinate
253 3367 392 3433 Domino
421 3368 620 3433 deservirent
652 3371 685 3431 et
714 3372 782 3431 tam
811 3386 845 3430 se
873 3387 971 3448 quam
999 3388 1058 3431 sua
1086 3387 1197 3431 eorum
1225 3366 1360 3432 arbitrio

80 3482 115 3540 et
138 3475 343 3559 dispositioni
372 3476 619 3541 committerent.
666 3472 790 3538 Eorum
818 3472 929 3554 itaque
956 3472 1122 3556 proposito
1146 3477 1179 3536 et
1200 3471 1360 3537 voluntati

80 3581 250 3667 praefatus
264 3581 515 3647 Cenomanensis
534 3580 705 3663 episcopus
724 3579 875 3663 praebuit
893 3600 1061 3643 assensum
1081 3584 1114 3642 et
1136 3579 1227 3642 iuxta
1249 3583 1360 3643 votum

83 3711 210 3771 eorum,
249 3687 335 3770 quod
368 3687 526 3769 fecerant,
565 3686 759 3769 scriptorum
796 3707 927 3751 suorum
958 3685 1115 3749 memoria
1147 3683 1359 3749 confirmavit.

81 3795 223 3861 Nomina
249 3816 324 3860 vero
349 3815 474 3875 eorum,
508 3813 593 3876 quae
616 3791 763 3875 praefato
787 3793 985 3857 monasterio
1014 3791 1233 3871 contulerunt,
1266 3811 1359 3874 prae-

83 3901 168 3966 senti
194 3901 314 3985 pagina
346 3900 496 3964 duximus
529 3898 728 3964 annotanda:
762 3897 850 3963 Fons
879 3896 1038 3978 Gohardi,
1071 3897 1165 3962 Mons
1190 3895 1359 3978 Gnidonis,

81 4008 198 4090 Linee,
221 4007 411 4089 Hemeuart,
436 4005 613 4090 Sapientia,
639 4010 752 4069 sancta
775 4003 918 4068 Trinitas
943 4003 982 4067 de
1005 4003 1117 4084 Palea,
1142 4001 1173 4066 S.
1198 4003 1360 4066 Martinus

83 4114 123 4179 de
147 4113 271 4195 Sezeio,
294 4112 418 4178 Bosous
441 4111 588 4193 Roberti,
612 4111 813 4193 Mergirard,
837 4110 964 4175 Lahaia
987 4110 1027 4174 de
1050 4108 1241 4191 Ingrandia,
1265 4108 1359 4174 Elee-

82 4241 218 4304 mosyna
248 4220 288 4284 de
311 4218 478 4300 Pomario,
512 4240 610 4301 quam
634 4216 704 4283 Odo
733 4217 772 4281 de
795 4216 978 4281 Raderaria
1008 4215 1111 4296 dedit,
1145 4214 1208 4279 duo
1231 4213 1304 4279 loca
1326 4216 1360 4279 iu

81 4326 226 4409 Andera,
251 4326 374 4391 scilicet
397 4324 429 4391 S.
454 4324 632 4407 Gregorius
655 4324 694 4388 de
719 4321 855 4405 Stagno,
879 4322 958 4387 Doit
980 4320 1135 4386 Parfund.
1181 4320 1274 4385 Haec
1301 4322 1359 4404 igi-

81 4438 146 4513 tur,
170 4431 444 4515 quemadmodum
466 4453 487 4496 a
509 4430 684 4515 praedictis
714 4428 898 4495 hominibus
930 4428 1020 4492 vobis
1044 4447 1198 4492 concessa
1222 4432 1297 4490 sunt
1328 4431 1361 4490 et

172 4616 236 4663 ‘sic
253 4615 306 4664 cod.
339 4615 396 4662 Vide
410 4616 480 4674 fierem
497 4615 610 4675 sequentis
626 4613 743 4672 epistolae.
815 4605 828 4638 ¹³
847 4610 915 4658 mala
932 4611 984 4658 cod.
