3104 5070
468 263 624 319 Ionanrns
643 277 702 319 vm
719 277 888 320 meronie
906 266 940 320 55
1294 249 1333 311 31

55 447 121 490 non
144 421 353 488 habuerunt?
395 424 518 490 Tamen
545 426 608 489 nisi
631 431 770 507 utraque
798 447 874 508 pars
897 424 991 490 nobis
1015 425 1114 490 fuerit
1140 430 1338 507 presentata,
1359 429 1515 487 874-875

56 531 135 614 quid
159 532 290 595 interim
319 529 535 596 deliberemus
563 553 661 615 super
687 532 749 596 hac
777 554 877 596 causa
900 553 1003 615 usque
1026 533 1060 596 in
1087 531 1184 595 finem
1208 532 1339 595 minime
1419 519 1459 578 in.

55 644 158 721 patet.

146 744 242 808 Item.
267 743 402 808 Interim
413 750 540 809 tamen⁸
554 747 619 809 iam
630 746 736 811 dictus
748 748 919 829 episcopus
931 752 999 810 tam
1008 747 1042 809 in
1051 746 1229 810 honoribus
1243 766 1341 827 quam

54 853 148 917 etin
172 851 270 915 rebus
294 852 356 916 sibi
380 853 571 916 commissae
595 853 751 917 ecclesiae
774 854 895 917 existat
912 853 1033 935 illesus,
1058 852 1136 935 qnia
1155 873 1228 916 cum
1247 873 1341 917 nemo

53 965 134 1024 ante
168 957 369 1022 audientiam
394 960 533 1024 iudicari
557 959 689 1042 debeat,
722 959 827 1024 multa
859 960 1011 1024 dicuntur
1042 959 1089 1023 illi
1113 965 1226 1023 contra
1249 959 1341 1022 iusti-

53 1068 143 1130 ciam
167 1065 290 1148 imponi
312 1065 526 1149 incommoda,
551 1067 704 1149 precipue
728 1088 802 1130 cnm
826 1067 868 1131 ab
892 1067 1021 1131 infamis
1044 1085 1182 1149 persone
1205 1065 1342 1129 homini·

53 1174 120 1238 bns
145 1173 293 1236 accusari
316 1195 381 1237 non
399 1175 503 1256 possit
526 1180 568 1257 et,
595 1180 769 1257 postquam
792 1173 902 1238 sedem
921 1173 1134 1257 apostolicam
1153 1171 1340 1255 appellavit,

54 1279 175 1344 alicnis
198 1278 328 1343 iudiciis
353 1281 500 1345 submitti
523 1303 587 1346 non
607 1281 734 1345 debeat.
779 1279 939 1362 Quocirca
961 1281 1108 1345 uolumus
1132 1284 1169 1343 ut
1192 1300 1232 1343 ex
1255 1280 1341 1343 omni

52 1393 152 1470 parte
175 1386 229 1450 lex
252 1391 285 1449 et
306 1387 437 1451 iusticia
460 1394 682 1470 conservetur,
715 1389 868 1470 quatinus
897 1408 956 1451 nec
985 1389 1048 1452 iste
1076 1409 1097 1451 a
1124 1408 1188 1451 non
1215 1385 1340 1450 idoneis

54 1495 207 1576 personis
232 1499 403 1557 accusetur
424 1494 632 1577 iudicandus,
650 1494 716 1558 ¹nec
740 1495 779 1559 de
803 1496 930 1559 obiecto
954 1495 1088 1558 crImine
1111 1497 1225 1557 contra
1248 1492 1340 1556 iusti-

54 1602 142 1665 ciam
167 1606 341 1665 excusetur
363 1600 599 1667 iustificandus.
637 1601 753 1667 Potius
774 1608 883 1666 autem
906 1602 1066 1683 iubemus,
1085 1606 1123 1664 ut
1141 1600 1228 1664 tamb
1250 1620 1339 1682 pres-

54 1709 214 1790 biterum,
249 1708 305 1790 qui
329 1708 359 1771 ei
391 1707 527 1773 infestus
551 1709 622 1774 Deo
646 1714 831 1792 contempto
854 1700 936 1791 proh
965 1708 1056 1774 dolor
1086 1707 1209 1788 extitit,
1242 1727 1340 1789 quam

55 1815 230 1880 Danielem
249 1820 282 1878 et
305 1815 386 1879 alios
405 1816 614 1898 presbiteros,
639 1817 695 1898 qui
718 1822 832 1881 contra
846 1837 920 1880 eum
935 1816 1163 1879 accusaciones
1178 1813 1339 1895 dicuntur,

57 1922 144 2005 quod
168 1943 234 1986 non
258 1920 390 2003 debent,
423 1923 581 2004 ingerere,
605 1944 679 1987 cum
703 1925 877 1987 severitate
904 1922 1093 2001 convenias3
1118 1926 1152 1985 et
1174 1921 1237 1984 nisi
1261 1921 1339 1984 resi-

55 2030 189 2112 puerint
211 2033 245 2092 ct
275 2049 418 2110 aprava
444 2029 623 2094 intentione
651 2031 858 2111 recesserint,
893 2029 1057 2094 canonicis
1086 2027 1339 2092 correctionibus

56 2135 211 2200 subactos
235 2157 300 2200 non
322 2135 484 2201 immerito
512 2143 626 2200 sancta
654 2138 876 2202 communione
904 2156 1007 2218 nsque
1031 2134 1074 2198 ad
1096 2139 1243 2198 nostram
1266 2153 1338 2216 pre-

55 2244 197 2307 sentiam
220 2243 337 2325 prives.

55 2477 114 2543 55.
147 2479 295 2537 Iohannes
310 2479 386 2538 VIII
403 2480 517 2539 Bosoaa‘
538 2481 640 2539 comiti
662 2481 770 2554 adam,
790 2499 864 2557 quoa
881 2478 1182 2556 cupariorcaptstolo,
1206 2478 1240 2536 da
1256 2477 1337 2535 Aud-

142 2585 228 2661 9crc'o
251 2586 382 2662 cpiscch
404 2587 524 2646 nuntiat
553 2587 750 2664 Iwrtatarqac,
773 2607 810 2646 aa
837 2588 872 2646 ia
898 2587 1065 2646 miabtcrt'o
1083 2585 1247 2662 parapanda
1270 2603 1338 2642 cana

144 2693 288 2768 impediat
310 2713 344 2752 cc
355 2695 559 2770 possessiones
577 2695 708 2753 cocleam
723 2695 759 2752 ab
774 2694 907 2753 Aribato
925 2695 1029 2753 comite
1046 2694 1171 2752 mactas
1192 2691 1337 2751 retincat.1

439 2813 509 2868 0011.
528 2813 596 2868 Brit.
615 2830 657 2884 ep.
676 2812 757 2881 40,1.
776 2813 793 2867 l.
813 2813 861 2867 fol.
882 2813 955 2868 131¹2.

146 2974 308 3058 (Bononio
331 2973 468 3037 comiti.²
508 2971 714 3055 Audgariusd
737 2974 932 3038 venerabilis
956 2974 1126 3056 episcopus
1150 2973 1227 3064 olim
1251 2972 1338 3055 apud
1357 2978 1396 3036 87
1401 2980 1512 3037 4-875

55 3081 168 3146 sedem
192 3080 404 3162 apostolicam
427 3086 601 3163 utcumque
625 3086 798 3144 accusatus
821 3087 968 3147 nostram
990 3080 1188 3164 presentiam
1207 3079 1337 3143 adiens⁰
1416 3068 1456 3127 1¹1·

56 3188 96 3253 de
120 3188 182 3269 his,
207 3207 271 3270 que
290 3186 332 3251 ab
356 3188 599 3252 accusatoribus
619 3187 685 3251 suis
710 3188 773 3251 sibi
793 3188 877 3253 obici
898 3187 1098 3268 dicebantur,
1124 3187 1176 3251 sef
1196 3185 1338 3250 reddidit

55 3297 277 3373 innocentem3
302 3293 452 3358 videlicet
474 3295 552 3377 quia
574 3315 634 3359 nec
656 3299 862 3359 accusatores
886 3294 974 3358 illius
992 3295 1085 3358 iuxta
1109 3315 1221 3389 sacros
1242 3314 1337 3357 cano-

56 3422 113 3465 nes
138 3399 311 3482 affuerunt,
335 3421 405 3481 nec,
430 3403 458 3465 si
477 3401 640 3483 adessent,
664 3402 706 3466 ab
720 3401 785 3466 illis
800 3403 947 3466 accusari
962 3408 1084 3485 posset,
1109 3400 1196 3484 quod
1214 3407 1248 3465 et
1271 3420 1336 3464 ser-

56 3508 128 3573 vilis
153 3507 350 3572 condicionis
371 3506 524 3572 dicuntur
552 3509 681 3574 obnoxii
705 3515 738 3572 et
760 3508 913 3573 infamiae
937 3510 1044 3575 notari
1072 3514 1208 3591 possunt
1231 3513 1335 3572 reatu.

55 3613 122 3678 Nos
147 3615 233 3678 enim
256 3613 341 3676 hunc
357 3619 433 3678 ante
447 3614 646 3679 audientiam
664 3615 835 3699 dampnari
853 3617 938 3682 nong
960 3617 1113 3699 patimur,
1138 3616 1215 3697 quia
1238 3636 1336 3678 unam

55 3726 184 3803 partem
208 3721 276 3784 sine
300 3720 405 3785 altera
427 3721 572 3786 iudicare
595 3744 659 3787 non
673 3745 845 3805 possumus
860 3745 920 3788 nec
937 3723 1106 3801 debemns3
1131 3720 1187 3784 sed
1206 3722 1336 3784 interim

56 3827 192 3892 moleste
211 3829 388 3910 accipimus
408 3828 588 3911 audientes,
608 3835 675 3894 tam
699 3832 733 3893 in
756 3852 830 3894 eum
853 3853 952 3914 quam
966 3832 1000 3894 in
1013 3851 1065 3894 res
1084 3829 1147 3893 sibi
1166 3829 1336 3893 commisse

56 3934 213 3999 ecclesiae
240 3935 343 3998 multa
377 3935 504 4017 inferri,
537 3936 690 4018 precipue
718 3958 792 4000 cum
819 3938 1031 4020 ignominiose
1058 3940 1219 4000 tractetur
1254 3940 1287 3998 et
1316 3956 1336 3998 a

56 4041 118 4106 sibi
143 4041 297 4106 subiectis
318 4042 445 4108 diverso
469 4043 564 4107 modo
583 4042 746 4108 laceratus
766 4045 895 4127 existat,
920 4044 1001 4109 adeo
1029 4049 1109 4108 uta
1137 4041 1255 4106 vilibus
1278 4041 1335 4106 ho-

56 4149 219 4213 minibush
242 4172 307 4213 non
331 4149 434 4214 solum
458 4170 594 4232 persone
619 4171 675 4214 sue
694 4156 851 4234 parentur
868 4138 1014 4233 insidiae,
1039 4171 1150 4214 verum
1175 4155 1208 4213 et
1231 4149 1334 4212 omnis

145 4334 227 4379 ‘tam
245 4349 265 4379 c.
343 4327 426 4380 btam
444 4333 502 4380 add.
522 4335 618 4394 Bahop.
700 4332 852 4382 ⁰....0ni
871 4332 955 4381 comiti
974 4351 994 4380 c.
1030 4334 1207 4393 bucrtptiomm
1223 4339 1291 4391 recta,
1309 4339 1335 4379 at

54 4423 154 4482 videtur,
172 4423 271 4468 restabat
287 4423 376 4468 maala
392 4424 417 4468 in
435 4424 511 4470 Neues
528 4425 600 4470 Arcb.
626 4424 652 4469 V.
670 4419 730 4470 311.
795 4417 808 4448 ‘¹
826 4423 851 4470 A
868 4425 894 4470 in
910 4425 1016 4482 marciae
1033 4431 1067 4470 eet
1083 4423 1197 4469 briddam.
1262 4423 1273 4446 θ
1291 4419 1333 4467 ad-

53 4509 117 4558 hens
136 4528 156 4558 c.
229 4505 292 4558 sset
310 4527 330 4558 c.
403 4514 416 4546 ⁸
433 4526 458 4559 n.
478 4513 530 4559 cod.
603 4505 617 4537 ¹¹
634 4509 752 4559 homibus
770 4528 790 4558 c.

146 4613 155 4643 ¹
175 4612 217 4667 of.
234 4612 309 4668 Jafle
327 4613 370 4668 ed.
389 4631 441 4670 sec.
461 4614 539 4685 3002.
612 4614 811 4669 ²ProvInciae.
831 4613 958 4684 (Euald.)
