3098 5056
415 281 606 336 1101111001
623 297 648 336 11
666 295 833 336 sereretur
853 284 911 336 1111.
932 283 982 334 117
1294 267 1335 327 57

59 442 267 524 presumpsit,
292 445 406 505 sancta
429 441 542 507 sinodo
565 442 598 506 id
622 442 827 524 decernente,
855 442 897 506 ab
922 442 1009 506 omni
1032 440 1208 524 episcopali
1231 439 1337 505 officio
1358 439 1472 497 1066-

60 571 236 632 suspensus
260 553 324 612 est:
349 553 382 612 et
405 549 677 630 quemadmodum
700 548 850 613 Astensis
879 548 1000 613 electus
1028 548 1078 613 vel
1102 569 1174 612 esse
1201 548 1251 612 vel
1274 548 1337 613 dici
1367 528 1461 588 10⁶7·

60 658 160 741 possit
184 657 367 738 episcopus,
400 676 474 719 eum
497 677 604 721 anon
635 656 785 738 episcopo
817 656 949 720 minime
983 657 1026 720 sit
1047 655 1256 736 benedictus,
1281 655 1337 719 sed

60 764 184 847 potius⁸
217 761 420 845 maledictae,
453 763 598 827 invenire
629 784 693 827 non
725 784 911 845 possumus,
945 769 1003 827 aut
1026 763 1125 845 euim,
1159 763 1246 845 quod
1268 761 1339 827 fieri

60 893 119 937 nou
142 874 265 954 potest,
289 869 488 952 apostolieae
511 869 597 934 sedis
620 870 708 934 iusta
731 875 765 934 et
787 868 932 951 legitima
955 870 1133 934 auctoritas
1157 869 1339 934 adnullabi-

59 985 118 1061 tur,
145 983 205 1042 aut
223 977 294 1059 ipse
314 976 435 1041 electus
454 999 513 1060 pro
532 977 594 1041 hae
613 998 713 1041 causa
731 977 817 1040 inter
836 976 1004 1059 episcopos
1022 998 1087 1040 nou
1103 976 1337 1041 numerabitur.

593 1194 805 1204 -———..

57 1357 133 1423 116.
172 1357 337 1416 Alexander
359 1356 396 1414 ΙΙ
419 1356 623 1416 Hellrmndum
645 1356 876 1417 Loudumasem
903 1357 1009 1429 edocet,
1035 1356 1237 1432 patriarchum
1264 1358 1338 1416 Corr-

175 1464 475 1540 ctuult'rwpolr'tuaum
498 1463 522 1521 b.
550 1463 682 1538 Gregorii
704 1464 850 1522 1011101001
873 1462 1059 1522 sustinuisse.

408 1582 478 1638 0011.
497 1581 567 1636 Brit.
584 1581 666 1636 Alex.
685 1599 727 1653 ep.
745 1583 790 1650 80,
808 1582 826 1637 l.
846 1582 864 1637 1.
883 1582 930 1637 fol.
950 1584 993 1637 51.

149 1744 334 1810 Helinando
357 1742 591 1826 Lugdunensil
619 1744 779 1827 episcopo.
824 1742 870 1818 Ut
895 1743 1023 1827 plenius
1046 1744 1080 1806 iu
1109 1744 1178 1808 eius
1201 1745 1338 1827 registro
1360 1753 1472 1811 1066-

56 1873 254 1936 cognoscere
272 1856 376 1934 potes,
397 1850 523 1915 duobus
545 1848 912 1932 Constantinopolitanis
935 1850 1060 1914 clericis
1084 1872 1157 1914 cum
1175 1851 1340 1933 patriarca
1369 1842 1463 1900 1067·

56 1983 118 2025 suo
143 1959 235 2023 litem
256 1957 464 2040 habentibus
487 1957 565 2021 licet
587 1957 774 2040 patriarcha
797 1956 956 2040 superbus
979 1956 1086 2039 fuerit,
1113 1956 1268 2022 iudicium
1290 1964 1339 2022 ta-

55 2089 135 2131 men
158 2066 248 2131 beati
272 2063 423 2148 Gregorii
445 2064 556 2129 volens
580 2064 692 2129 nolens
717 2064 897 2128 sustinuit2

595 2282 807 2291 ——a---e

58 2445 134 2512 117.
171 2445 335 2504 Alexander
358 2444 394 2503 II
420 2444 583 2504 Altumurro
614 2446 744 2521 episcopo
768 2444 958 2503 Passaoicusi
989 2445 1102 2519 scribit,
1127 2445 1341 2520 Ruimpuldum

156 2552 362 2625 0101001100,
395 2551 621 2610 mrbdiacouutus
653 2552 752 2628 officio
780 2552 957 2628 formantem,
990 2552 1111 2627 danem
1128 2552 1341 2627 poeaitentiam

173 2660 264 2736 eptem
286 2659 385 2735 itaque
407 2658 446 2718 ad
467 2666 571 2718 ceteros
594 2659 712 2718 ordines
733 2658 891 2717 sublimari
907 2678 1002 2734 posse.

410 2777 480 2833 Ooll.
499 2778 567 2833 Brit.
585 2779 666 2833 Alex.
686 2796 727 2850 ep.
747 2779 792 2845 83,
810 2778 829 2832 l.
848 2778 865 2832 1.
885 2777 931 2833 fol.
951 2780 992 2833 51.

149 2957 348 3022 Altmannob
370 2956 558 3022 Pataviensi
577 2959 737 3041 episcopo.
775 2957 981 3023 Presentium
1003 2957 1089 3022 lator
1107 2957 1341 3040 Raimpuldus⁰
1360 2965 1472 3024 1066-

58 3086 217 3131 mouaous
241 3062 283 3128 ad
306 3085 365 3128 uos
388 3065 519 3129 veniens
547 3086 680 3128 causam
709 3086 802 3129 suam
830 3085 904 3128 cum
931 3064 1105 3146 gemitibus
1134 3069 1167 3129 et
1189 3064 1340 3146 precibus
1369 3054 1464 3114 1067·

59 3192 216 3237 enarrare
239 3170 374 3234 curavit.
402 3170 509 3235 'Dicit
532 3171 617 3235 enim
641 3192 685 3253 se,
708 3172 885 3253 instigante
909 3170 1048 3252 diabolo,
1073 3170 1252 3234 claustrum
1273 3192 1340 3236 mo·
1439 3224 1442 3229 .

59 3279 208 3359 nasterii,
223 3277 280 3341 ubi
299 3276 552 3342 subdiaconatus
571 3277 766 3360 fungebatur
781 3276 896 3359 officio,
911 3277 1092 3341 deseruisse
1107 3281 1205 3358 atque
1220 3299 1340 3341 euuan-

60 3385 196 3468 gelium,
230 3384 322 3448 euius
350 3383 492 3450 officium
519 3384 661 3449 nondum
686 3390 888 3466 susceperat,
917 3384 958 3461 ad
982 3382 1119 3448 missasd
1149 3405 1207 3466 per
1229 3384 1341 3466 ignota

60 3493 131 3557 loca
155 3511 215 3574 per
238 3490 348 3573 aliqua
370 3496 518 3574 tempora
541 3490 624 3556 falsa
649 3491 870 3555 ostentacione
893 3490 1019 3572 legisse.
1067 3489 1121 3554 Sic
1143 3490 1275 3554 tandem
1299 3491 1341 3555 ad

60 3599 296 3664 monasterium
317 3599 446 3664 rediens
468 3599 683 3682 penitentiam
707 3597 845 3680 accepit,
877 3596 958 3660 duas
986 3598 1052 3660 iam
1079 3598 1207 3662 carinas
1235 3596 1342 3662 effecit

61 3712 93 3770 et
113 3705 342 3770 Ierosolimam
374 3726 473 3770 causa
505 3705 662 3770 orationis
695 3705 841 3769 accessit.
876 3701 1104 3786 Quapropter,
1129 3703 1230 3768 frater
1247 3726 1340 3769 vene·

60 3811 172 3893 rande,
197 3811 276 3893 quia
298 3813 409 3894 inique
431 3812 681 3895 presumptioni,
715 3833 814 3894 quam
836 3811 950 3892 gessit,
984 3810 1095 3874 debita
1118 3811 1271 3893 vindicta,
1303 3818 1342 3875 ut

61 3919 151 3999 dicit,
175 3939 215 3982 ac
238 3918 336 4002 digna
358 3919 538 4001 penitentia
558 3919 724 4000 successit,
749 3923 782 3983 et
795 3917 872 3999 quia
885 3918 1000 3981 limina
1015 3917 1236 4000 apostolorum
1253 3919 1339 4000 prin-

61 4027 170 4108 cipum
203 4024 329 4089 curavit
360 4024 465 4105 adire,
498 4025 595 4090 debet
627 4026 726 4090 etiam
757 4046 816 4107 per
847 4045 901 4088 eos
925 4020 1181 4088 misericordiam
1209 4025 1339 4088 sentire.

59 4131 179 4214 ltaque
204 4131 232 4194 si
254 4131 301 4196 ita
325 4136 388 4212 est,
418 4136 451 4196 et
473 4133 502 4196 si
528 4131 730 4214 gravioribus
754 4130 944 4195 criminibus
969 4151 1042 4194 eum
1065 4153 1130 4195 non
1156 4130 1285 4213 gravari
1308 4136 1341 4194 et

59 4238 168 4304 officio
192 4239 293 4302 vitam
315 4237 403 4303 illius
422 4240 548 4303 noveris
568 4238 774 4320 concordare,
798 4238 919 4321 poterit
937 4243 1047 4302 nostro
1070 4236 1189 4301 iudicio
1213 4240 1246 4300 et
1267 4257 1340 4319 per·

56 4347 215 4411 missione
239 4344 282 4409 ad
304 4350 429 4412 eeteros
452 4345 572 4428 gradus
596 4367 617 4410 a
638 4351 697 4410 tua
720 4347 857 4410 caritate
881 4343 1059 4409 sublimari.

149 4531 162 4554 ⁸
179 4526 264 4590 potius
281 4529 459 4605 superscriptum
476 4537 516 4578 ert.
589 4523 749 4577 l'Bemanno
768 4546 787 4577 c.
861 4526 1034 4589 cItaipuldus
1052 4543 1071 4575 c.
1145 4520 1251 4573 clmisas
1269 4543 1287 4573 o.

48 4680 52 4688 ,
152 4633 162 4662 ¹
182 4631 225 4685 vel
243 4630 424 4685 Laudunensi
442 4630 550 4701 (Leon).
623 4631 633 4661 ²
652 4630 694 4686 Of.
713 4630 786 4686 Jaffe
805 4629 846 4684 ed.
865 4647 917 4685 sec.
938 4630 1015 4685 1257.
