3098 5056
461 261 550 316 Luorr
568 275 605 315 111
623 276 789 316 urrsronsu
808 264 868 318 353.
887 265 940 318 354
1272 252 1336 314 213

55 420 144 486 353.
167 423 283 482 Medus
306 424 356 482 III
374 426 518 501 frutribus
541 426 746 486 Heliae-uallis
767 429 926 502 permittit,
957 436 990 488 at
1012 430 1149 488 demirans
1171 432 1205 489 dc
1228 431 1334 504 Rocbu,

170 537 286 604 aperite
308 532 503 607 fundatorum
526 534 712 605 moiwnterir',
745 534 809 592 arisi
830 535 904 610 forte
931 536 1176 596 erooiiioiuiricoti
1197 538 1269 608 siat,
1301 539 1336 596 ia

169 637 350 696 monasterio
372 639 519 712 sepeliunt.

214 737 286 792 Bibl.
306 745 363 794 nat.
383 740 469 795 Paris.
489 740 559 795 0011.
579 740 693 795 Moreau
711 740 772 795 Sic.
792 741 839 797 fol.
860 742 919 797 150.
946 759 1033 796 manu
1051 760 1072 797 s.
1091 730 1181 797 xvm‘.

146 877 269 944 Lucius
294 882 462 965 episcopus
487 887 584 946 etc.¹¹l
620 881 802 947 Relationis
825 890 952 948 vestrae
975 890 1086 949 tenore
1110 886 1335 968 comperimus,
1376 896 1460 955 1182

54 960 146 1066 ἷῃιοᾶ
179 985 304 1051 nobiles
337 989 398 1052 viri
430 988 551 1053 domini
584 988 623 1053 de
650 988 764 1054 Rocha
797 989 836 1054 de
869 1011 985 1072 genere
1020 991 1165 1072 illorum,
1199 992 1255 1075 qui
1284 1013 1336 1056 ve·
1355 985 1492 1045 Noli-26·

57 1097 163 1156 strum
186 1094 242 1176 pia
268 1095 446 1160 intentione
474 1097 706 1161 monasterium
739 1096 969 1178 fundaverunt,
1002 1118 1059 1178 pro
1084 1119 1143 1162 sua
1167 1104 1200 1162 et
1223 1119 1336 1163 eorun-

55 1198 132 1262 dem
155 1204 400 1266 antecessorum
424 1223 555 1266 suorum
586 1202 754 1267 devotione
787 1223 826 1266 ac
853 1203 1008 1284 religione
1036 1209 1145 1268 vestra
1172 1204 1260 1287 apud
1282 1227 1338 1269 vos
1401 1258 1403 1262 ,

58 1305 248 1370 desiderant
273 1308 412 1389 sepeliri.
458 1308 613 1374 Volentes
637 1330 713 1391 ergo
738 1309 940 1373 devotionem
968 1309 1113 1392 ipsorum
1141 1311 1339 1393 apostolicae

55 1400 264 1478 auctoritatis
288 1414 397 1479 favore
420 1415 531 1480 iuvare
555 1421 588 1479 et
610 1416 704 1479 iustis
727 1416 1001 1498 postulationibus
1024 1416 1139 1481 vestris
1163 1417 1339 1500 benignum

56 1519 217 1602 praebere
241 1542 447 1602 consensum,
480 1523 705 1604 praesentibus
733 1522 824 1588 vobis
849 1523 965 1586 litteris
989 1522 1207 1605 indulgemus,
1240 1531 1286 1606 ut,
1312 1525 1339 1588 si

59 1625 201 1708 praefati
224 1628 284 1690 viri
306 1628 448 1692 viventes
473 1628 560 1710 apud
582 1650 638 1693 vos
669 1629 826 1710 elegerint
853 1629 1064 1712 sepulturam,
1094 1630 1203 1693 nullus
1228 1651 1339 1694 eorum

56 1732 220 1797 voluntati
239 1733 378 1798 obsistat
401 1741 434 1799 et
452 1736 526 1799 eosb
544 1736 642 1817 ipsos,
668 1736 734 1799 sive
752 1737 816 1799 vivi
835 1737 901 1800 sive
921 1736 1040 1799 mortui
1059 1734 1257 1818 deferantur,
1276 1737 1340 1800 nisi

56 1841 330 1904 excommunicati
354 1833 411 1905 a‘ut
433 1841 596 1905 interdicti
620 1841 750 1923 fuerint,
775 1843 949 1906 cristianae
968 1842 1099 1924 possitis
1114 1842 1188 1909 sine
1212 1848 1342 1921 contra,

60 1943 201 2010 dictione
224 1947 353 2012 tradere
378 1948 578 2031 sepulturae,
613 1948 702 2011 salva
734 1954 843 2012 tamen
876 1949 1031 2013 canonica
1060 1948 1186 2012 iustitia
1208 1948 1339 2012 illarum

56 2053 279 2135 ecclesiarum,
304 2075 442 2135 quarum
465 2054 654 2137 parochiani
673 2055 820 2119 extitisse
839 2061 1027 2119 noscuntur.
1064 2052 1188 2117 Datum
1202 2052 1339 2118 Velletri

58 2157 107 2222 VI
128 2158 206 2223 Kal.
225 2158 427 2224 Decembris.

57 2357 146 2423 354.
170 2360 286 2419 maius
308 2361 360 2420 ΙΙΙ
379 2362 488 2436 nupero
511 2362 642 2437 episcopo
664 2361 862 2420 Loudumasi
883 2361 1042 2437 permittit,
1070 2368 1104 2420 at
1126 2368 1234 2435 septem
1250 2379 1338 2436 proc·

170 2468 280 2540 bardis,
304 2488 323 2527 a
346 2468 370 2526 b.
393 2487 479 2526 mem.
503 2468 727 2528 Bartholomueo
749 2468 905 2541 institutis,
930 2469 1060 2544 pariaque
1082 2468 1231 2543 udirrnpot.

378 2587 495 2658 Autogr.
514 2588 543 2641 in
562 2587 618 2642 tab.
638 2594 696 2643 nat.
715 2586 802 2641 Paris.
821 2587 853 2641 L.
867 2587 919 2641 232
937 2605 964 2640 n.
984 2588 1009 2642 6.

147 2727 270 2793 Lucius
294 2728 463 2811 episcopus
488 2751 598 2793 servus
623 2751 788 2794 servorum
807 2728 870 2792 Dei
892 2728 1070 2793 venerabili
1092 2727 1187 2792 fratri
1210 2727 1513 2810 Roger01182-83

53 2835 271 2903 Laudunensi
294 2836 445 2919 episcopo
470 2836 608 2900 salutem
631 2842 664 2900 et
687 2836 899 2917 apostolicam
928 2835 1195 2899 benedictionem.
1242 2834 1339 2898 Rela-
1357 2831 1444 2889 Mart·
1457 2831 1506 2888 19·

58 2948 130 3006 tum
154 2949 205 3006 est
227 2943 321 3007 nobis
345 2964 384 3007 ex
402 2949 495 3025 parte
515 2949 581 3024 tua,
608 2943 694 3024 quod
718 2942 801 3006 bone
824 2942 977 3006 memorie
995 2940 1244 3005 Bartholomeus
1268 2962 1338 3024 pre-

57 3048 211 3114 decessor
233 3056 309 3113 tuus
333 3049 514 3130 attendens,
539 3049 626 3130 quod
643 3049 790 3113 canonici
809 3047 943 3112 ecclesie
962 3052 1017 3110 tue
1035 3069 1100 3111 non
1118 3052 1251 3130 possent
1270 3048 1339 3111 sine

59 3175 181 3236 magna
205 3154 395 3219 difficultate
420 3155 461 3219 ad
486 3155 701 3219 sacerdotium
725 3154 945 3236 recipiendum
968 3153 1091 3234 induci,
1121 3161 1243 3237 septem
1267 3175 1339 3235 pre·

59 3260 185 3325 bendas
218 3261 251 3325 in
279 3262 392 3326 eadem
421 3262 557 3326 ecclesia
581 3262 696 3326 statuit
720 3260 941 3325 sacerdotibus
972 3280 1099 3342 semper
1123 3267 1155 3324 et
1178 3282 1242 3325 non
1266 3260 1339 3324 aliis

59 3366 285 3450 assignandas.
333 3369 383 3432 Tu
411 3375 520 3432 autem
548 3368 734 3432 salubribus
764 3368 909 3447 vestigiis
940 3366 1008 3463 eius
1036 3365 1186 3433 inherens
1215 3366 1339 3431 deside-

59 3496 114 3539 ras
138 3474 245 3538 adhuc
269 3476 411 3557 quinque
435 3475 578 3555 adicere,
611 3480 648 3537 ut
676 3475 741 3538 sint
764 3473 934 3538 duodecim
956 3472 990 3534 in
1014 3472 1151 3537 ecclesia
1174 3474 1246 3556 ipsa
1269 3494 1340 3556 pre-

58 3581 196 3663 bendae,
221 3603 283 3663 que
307 3603 435 3666 semper
458 3580 681 3646 sacerdotibus
699 3587 731 3644 et
754 3603 818 3645 non
841 3580 914 3644 aliis
934 3578 1150 3643 conferantur.
1188 3579 1255 3644 Nos
1279 3581 1339 3643 ita·

59 3708 123 3771 que
156 3688 412 3769 considerantes,
446 3688 546 3770 quod,
580 3709 653 3751 cum
682 3687 755 3769 plus
793 3707 891 3768 quam
920 3686 1084 3767 octoginta
1112 3687 1177 3749 sint
1205 3686 1339 3750 ecclesie

59 3793 206 3858 eiusdem
230 3796 385 3877 canonici,
409 3817 474 3860 non
498 3801 548 3859 est
570 3815 732 3875 magnum,
758 3794 786 3857 si
810 3813 938 3875 semper
961 3791 1131 3856 duodecim
1154 3792 1275 3856 fuerint
1298 3792 1338 3856 ad

60 3899 310 3965 sacrificandum
338 3901 477 3966 Domino
500 3892 641 3965 hostiam
664 3899 770 3963 laudis
798 3899 831 3961 in
859 3898 1054 3962 sacerdotali
1085 3898 1197 3963 ordine
1221 3899 1338 3962 consti-

58 4009 133 4089 tuti,
158 4007 396 4090 predecessoris
420 4010 468 4071 tui
487 4005 609 4071 iactum
629 4007 822 4070 auctoritate
842 4004 1021 4086 apostolica
1045 4003 1271 4068 confirmamus
1296 4010 1338 4085 et,

56 4120 96 4178 ut
117 4115 320 4198 propositum
344 4120 436 4177 tuum
458 4114 578 4177 nullius
603 4112 857 4178 contradictione
881 4111 932 4174 vel
951 4111 1169 4194 appellatione
1189 4109 1339 4174 obstante

59 4220 251 4303 adimpleas,
265 4220 403 4284 liberam
421 4220 482 4283 tibi
501 4220 705 4284 concedimus
726 4218 920 4283 auctoritate
941 4217 1120 4301 apostolica
1139 4215 1337 4279 facultatem.

58 4327 183 4392 Datum
207 4325 343 4391 Velletri
365 4325 470 4389 XIIII
493 4326 630 4390 Kalend.
655 4326 788 4409 Aprilis

147 4493 211 4538 “sib
228 4492 279 4539 cod.
351 4488 427 4540 bvos
445 4509 464 4538 c.

149 4592 301 4648 1Litterae
320 4592 462 4648 monachis
480 4591 676 4659 Bellus-vallis,
695 4590 780 4646 dioec.
800 4590 925 4656 Vesont,
944 4587 1064 4643 directae
1081 4586 1218 4643 videntur.
