<?xml version="1.0" encoding="UTF-8"?>
<!DOCTYPE html PUBLIC "-//W3C//DTD XHTML 1.0 Transitional//EN"
    "http://www.w3.org/TR/xhtml1/DTD/xhtml1-transitional.dtd">
<html xmlns="http://www.w3.org/1999/xhtml" xml:lang="en" lang="en">
 <head>
  <title>
</title>
<meta http-equiv="Content-Type" content="text/html;charset=utf-8" />
  <meta name='ocr-system' content='tesseract 3.04.00' />
  <meta name='ocr-capabilities' content='ocr_page ocr_carea ocr_par ocr_line ocrx_word'/>
</head>
<body>
  <div class='ocr_page' id='page_1' title='image "./epistolaepontif00popegoog_0194.png"; bbox 0 0 3098 5056; ppageno 0'>
   <div class='ocr_carea' id='block_1_1' title="bbox 444 240 1339 312">
    <p class='ocr_par' dir='ltr' id='par_1_1' title="bbox 444 240 1339 312">
     <span class='ocr_line' id='line_1_1' title="bbox 444 240 1339 312; baseline 0 -4"><span class='ocrx_word' id='word_1_1' title='bbox 444 255 636 309; x_wconf 78' lang='lat' dir='ltr'><strong>Annxnrvmu</strong></span> <span class='ocrx_word' id='word_1_2' title='bbox 656 269 693 309; x_wconf 91' lang='lat'><strong>111</strong></span> <span class='ocrx_word' id='word_1_3' title='bbox 711 270 880 311; x_wconf 73' lang='lat' dir='ltr'><strong>srrsronan</strong></span> <span class='ocrx_word' id='word_1_4' title='bbox 897 256 950 312; x_wconf 82' lang='lat'><strong>305</strong></span> <span class='ocrx_word' id='word_1_5' title='bbox 1276 240 1339 302; x_wconf 92' lang='grc'><strong>177</strong></span> 
     </span>
    </p>
   </div>
   <div class='ocr_carea' id='block_1_2' title="bbox 60 413 1500 2520">
    <p class='ocr_par' dir='ltr' id='par_1_2' title="bbox 63 413 1500 818">
     <span class='ocr_line' id='line_1_2' title="bbox 63 413 1474 499; baseline 0.001 -22"><span class='ocrx_word' id='word_1_6' title='bbox 63 413 240 496; x_wconf 90' lang='lat' dir='ltr'><strong>apostolice</strong></span> <span class='ocrx_word' id='word_1_7' title='bbox 264 413 333 478; x_wconf 91' lang='lat' dir='ltr'><strong>sedi</strong></span> <span class='ocrx_word' id='word_1_8' title='bbox 356 420 494 496; x_wconf 91' lang='lat' dir='ltr'><strong>tenetur,</strong></span> <span class='ocrx_word' id='word_1_9' title='bbox 519 414 697 497; x_wconf 85' lang='lat' dir='ltr'><strong>dimidiam,</strong></span> <span class='ocrx_word' id='word_1_10' title='bbox 717 437 780 499; x_wconf 92' lang='lat' dir='ltr'><strong>que</strong></span> <span class='ocrx_word' id='word_1_11' title='bbox 803 417 939 498; x_wconf 91' lang='lat' dir='ltr'><strong>vacavit,</strong></span> <span class='ocrx_word' id='word_1_12' title='bbox 965 416 1093 480; x_wconf 92' lang='lat' dir='ltr'><strong>cuidam</strong></span> <span class='ocrx_word' id='word_1_13' title='bbox 1116 414 1157 479; x_wconf 95' lang='lat' dir='ltr'><strong>ad</strong></span> <span class='ocrx_word' id='word_1_14' title='bbox 1180 416 1339 481; x_wconf 90' lang='lat' dir='ltr'><strong>interven·</strong></span> <span class='ocrx_word' id='word_1_15' title='bbox 1390 414 1474 472; x_wconf 83' lang='lat'>1179</span> 
     </span>
     <span class='ocr_line' id='line_1_3' title="bbox 63 503 1500 605; baseline 0.002 -21"><span class='ocrx_word' id='word_1_16' title='bbox 63 526 129 584; x_wconf 92' lang='lat' dir='ltr'><strong>tum</strong></span> <span class='ocrx_word' id='word_1_17' title='bbox 147 520 275 602; x_wconf 85' lang='lat' dir='ltr'><strong>regium</strong></span> <span class='ocrx_word' id='word_1_18' title='bbox 298 520 489 602; x_wconf 81' lang='lat' dir='ltr'><strong>assignavit3</strong></span> <span class='ocrx_word' id='word_1_19' title='bbox 514 522 606 586; x_wconf 93' lang='lat' dir='ltr'><strong>cuius</strong></span> <span class='ocrx_word' id='word_1_20' title='bbox 629 520 752 586; x_wconf 91' lang='lat' dir='ltr'><strong>factum</strong></span> <span class='ocrx_word' id='word_1_21' title='bbox 775 522 852 587; x_wconf 92' lang='lat' dir='ltr'><strong>licet</strong></span> <span class='ocrx_word' id='word_1_22' title='bbox 875 521 915 587; x_wconf 92' lang='lat' dir='ltr'><strong>de</strong></span> <span class='ocrx_word' id='word_1_23' title='bbox 937 523 1008 586; x_wconf 92' lang='lat' dir='ltr'><strong>iure</strong></span> <span class='ocrx_word' id='word_1_24' title='bbox 1026 521 1227 605; x_wconf 89' lang='lat' dir='ltr'><strong>potuerimus</strong></span> <span class='ocrx_word' id='word_1_25' title='bbox 1249 542 1339 587; x_wconf 90' lang='lat' dir='ltr'><strong>revo·</strong></span> <span class='ocrx_word' id='word_1_26' title='bbox 1356 503 1500 567; x_wconf 50' lang='lat' dir='ltr'><strong>Mamm·</strong></span> 
     </span>
     <span class='ocr_line' id='line_1_4' title="bbox 64 627 1342 711; baseline 0.002 -21"><span class='ocrx_word' id='word_1_27' title='bbox 64 647 149 708; x_wconf 90' lang='lat' dir='ltr'><strong>care,</strong></span> <span class='ocrx_word' id='word_1_28' title='bbox 184 627 445 692; x_wconf 75' lang='lat' dir='ltr'><strong>consideratione</strong></span> <span class='ocrx_word' id='word_1_29' title='bbox 477 628 565 710; x_wconf 82' lang='lat' dir='ltr'><strong>regie</strong></span> <span class='ocrx_word' id='word_1_30' title='bbox 602 627 837 711; x_wconf 78' lang='lat' dir='ltr'><strong>magnitudinis</strong></span> <span class='ocrx_word' id='word_1_31' title='bbox 875 629 1085 693; x_wconf 80' lang='lat' dir='ltr'><strong>sustinuimus</strong></span> <span class='ocrx_word' id='word_1_32' title='bbox 1117 629 1342 710; x_wconf 89' lang='lat' dir='ltr'><strong>incorrectum,</strong></span> 
     </span>
     <span class='ocr_line' id='line_1_5' title="bbox 64 732 1343 818; baseline 0.002 -22"><span class='ocrx_word' id='word_1_33' title='bbox 64 733 232 798; x_wconf 88' lang='lat' dir='ltr'><strong>credentes</strong></span> <span class='ocrx_word' id='word_1_34' title='bbox 246 732 394 807; x_wconf 76' lang='lat' dir='ltr'><strong>,eundem</strong></span> <span class='ocrx_word' id='word_1_35' title='bbox 417 734 604 816; x_wconf 93' lang='lat' dir='ltr'><strong>episcopum</strong></span> <span class='ocrx_word' id='word_1_36' title='bbox 628 732 670 797; x_wconf 92' lang='lat' dir='ltr'><strong>ad</strong></span> <span class='ocrx_word' id='word_1_37' title='bbox 692 734 789 799; x_wconf 92' lang='lat' dir='ltr'><strong>huius</strong></span> <span class='ocrx_word' id='word_1_38' title='bbox 808 735 1023 817; x_wconf 82' lang='lat' dir='ltr'><strong>provisionem</strong></span> <span class='ocrx_word' id='word_1_39' title='bbox 1048 734 1184 799; x_wconf 92' lang='lat' dir='ltr'><strong>celerius</strong></span> <span class='ocrx_word' id='word_1_40' title='bbox 1207 755 1265 818; x_wconf 92' lang='lat' dir='ltr'><strong>per</strong></span> <span class='ocrx_word' id='word_1_41' title='bbox 1287 756 1343 799; x_wconf 91' lang='lat' dir='ltr'><strong>no·</strong></span> 
     </span>
    </p>

    <p class='ocr_par' dir='ltr' id='par_1_3' title="bbox 61 839 1344 1668">
     <span class='ocr_line' id='line_1_6' title="bbox 65 839 1344 924; baseline 0.002 -21"><span class='ocrx_word' id='word_1_42' title='bbox 65 846 164 904; x_wconf 90' lang='lat' dir='ltr'><strong>stram</strong></span> <span class='ocrx_word' id='word_1_43' title='bbox 186 840 470 904; x_wconf 90' lang='lat' dir='ltr'><strong>mansuetudinem</strong></span> <span class='ocrx_word' id='word_1_44' title='bbox 489 839 738 923; x_wconf 89' lang='lat' dir='ltr'><strong>provocandum.</strong></span> <span class='ocrx_word' id='word_1_45' title='bbox 778 840 863 923; x_wconf 79' lang='lat' dir='ltr'><strong>Quia</strong></span> <span class='ocrx_word' id='word_1_46' title='bbox 881 841 981 923; x_wconf 85' lang='lat' dir='ltr'><strong>igitur</strong></span> <span class='ocrx_word' id='word_1_47' title='bbox 999 861 1102 924; x_wconf 90' lang='lat' dir='ltr'><strong>nuper</strong></span> <span class='ocrx_word' id='word_1_48' title='bbox 1119 842 1153 905; x_wconf 94' lang='lat' dir='ltr'><strong>in</strong></span> <span class='ocrx_word' id='word_1_49' title='bbox 1171 842 1237 905; x_wconf 92' lang='lat' dir='ltr'><strong>iam</strong></span> <span class='ocrx_word' id='word_1_50' title='bbox 1256 840 1344 905; x_wconf 91' lang='lat' dir='ltr'><strong>dicta</strong></span> 
     </span>
     <span class='ocr_line' id='line_1_7' title="bbox 64 945 1342 1035; baseline 0.002 -25"><span class='ocrx_word' id='word_1_51' title='bbox 64 945 201 1010; x_wconf 90' lang='lat' dir='ltr'><strong>ecclesia</strong></span> <span class='ocrx_word' id='word_1_52' title='bbox 223 945 423 1029; x_wconf 90' lang='lat' dir='ltr'><strong>prebendam</strong></span> <span class='ocrx_word' id='word_1_53' title='bbox 445 945 593 1035; x_wconf 84' lang='lat' dir='ltr'><strong>Hugonis</strong></span> <span class='ocrx_word' id='word_1_54' title='bbox 618 945 658 1011; x_wconf 92' lang='lat' dir='ltr'><strong>de</strong></span> <span class='ocrx_word' id='word_1_55' title='bbox 682 945 834 1012; x_wconf 90' lang='lat' dir='ltr'><strong>Oratorio</strong></span> <span class='ocrx_word' id='word_1_56' title='bbox 864 948 1048 1031; x_wconf 90' lang='lat' dir='ltr'><strong>accepimus</strong></span> <span class='ocrx_word' id='word_1_57' title='bbox 1071 948 1251 1028; x_wconf 81' lang='lat' dir='ltr'><strong>vacavisse,</strong></span> <span class='ocrx_word' id='word_1_58' title='bbox 1283 969 1342 1013; x_wconf 91' lang='lat' dir='ltr'><strong>nos</strong></span> 
     </span>
     <span class='ocr_line' id='line_1_8' title="bbox 63 1051 1342 1138; baseline 0 -21"><span class='ocrx_word' id='word_1_59' title='bbox 63 1053 279 1134; x_wconf 89' lang='lat' dir='ltr'><strong>attendentes,</strong></span> <span class='ocrx_word' id='word_1_60' title='bbox 313 1051 400 1135; x_wconf 90' lang='lat' dir='ltr'><strong>quod</strong></span> <span class='ocrx_word' id='word_1_61' title='bbox 422 1051 568 1134; x_wconf 80' lang='lat' dir='ltr'><strong>prefatus</strong></span> <span class='ocrx_word' id='word_1_62' title='bbox 591 1052 792 1138; x_wconf 85' lang='lat' dir='ltr'><strong>I(ohannes),</strong></span> <span class='ocrx_word' id='word_1_63' title='bbox 825 1076 884 1137; x_wconf 93' lang='lat' dir='ltr'><strong>pro</strong></span> <span class='ocrx_word' id='word_1_64' title='bbox 913 1076 977 1137; x_wconf 90' lang='lat' dir='ltr'><strong>quo</strong></span> <span class='ocrx_word' id='word_1_65' title='bbox 1000 1054 1120 1118; x_wconf 91' lang='lat' dir='ltr'><strong>totiens</strong></span> <span class='ocrx_word' id='word_1_66' title='bbox 1148 1060 1272 1118; x_wconf 90' lang='lat' dir='ltr'><strong>ettam</strong></span> <span class='ocrx_word' id='word_1_67' title='bbox 1295 1053 1342 1117; x_wconf 89' lang='lat' dir='ltr'><strong>di-</strong></span> 
     </span>
     <span class='ocr_line' id='line_1_9' title="bbox 63 1159 1344 1243; baseline -0.001 -19"><span class='ocrx_word' id='word_1_68' title='bbox 63 1161 174 1224; x_wconf 89' lang='lat' dir='ltr'><strong>stricte</strong></span> <span class='ocrx_word' id='word_1_69' title='bbox 198 1159 402 1242; x_wconf 82' lang='lat' dir='ltr'><strong>scripsimus,</strong></span> <span class='ocrx_word' id='word_1_70' title='bbox 435 1160 504 1224; x_wconf 90' lang='lat' dir='ltr'><strong>sine</strong></span> <span class='ocrx_word' id='word_1_71' title='bbox 526 1160 647 1223; x_wconf 92' lang='lat' dir='ltr'><strong>iniuria</strong></span> <span class='ocrx_word' id='word_1_72' title='bbox 674 1160 760 1224; x_wconf 92' lang='lat' dir='ltr'><strong>sedis</strong></span> <span class='ocrx_word' id='word_1_73' title='bbox 785 1160 962 1243; x_wconf 92' lang='lat' dir='ltr'><strong>apostolice</strong></span> <span class='ocrx_word' id='word_1_74' title='bbox 985 1159 1130 1224; x_wconf 82' lang='lat' dir='ltr'><strong>fraudari</strong></span> <span class='ocrx_word' id='word_1_75' title='bbox 1152 1181 1217 1224; x_wconf 92' lang='lat' dir='ltr'><strong>non</strong></span> <span class='ocrx_word' id='word_1_76' title='bbox 1240 1160 1344 1243; x_wconf 92' lang='lat' dir='ltr'><strong>possit</strong></span> 
     </span>
     <span class='ocr_line' id='line_1_10' title="bbox 62 1265 1343 1350; baseline -0.002 -19"><span class='ocrx_word' id='word_1_77' title='bbox 62 1266 184 1331; x_wconf 90' lang='lat' dir='ltr'><strong>diutius</strong></span> <span class='ocrx_word' id='word_1_78' title='bbox 209 1265 379 1349; x_wconf 92' lang='lat' dir='ltr'><strong>stipendiis</strong></span> <span class='ocrx_word' id='word_1_79' title='bbox 411 1265 527 1330; x_wconf 87' lang='lat' dir='ltr'><strong>militie</strong></span> <span class='ocrx_word' id='word_1_80' title='bbox 559 1265 734 1349; x_wconf 91' lang='lat' dir='ltr'><strong>clericalis,</strong></span> <span class='ocrx_word' id='word_1_81' title='bbox 767 1266 966 1331; x_wconf 82' lang='lat' dir='ltr'><strong>fraternitati</strong></span> <span class='ocrx_word' id='word_1_82' title='bbox 995 1272 1051 1331; x_wconf 93' lang='lat' dir='ltr'><strong>tue</strong></span> <span class='ocrx_word' id='word_1_83' title='bbox 1078 1288 1137 1350; x_wconf 94' lang='lat' dir='ltr'><strong>per</strong></span> <span class='ocrx_word' id='word_1_84' title='bbox 1165 1265 1343 1349; x_wconf 90' lang='lat' dir='ltr'><strong>apostolica</strong></span> 
     </span>
     <span class='ocr_line' id='line_1_11' title="bbox 63 1370 1342 1456; baseline -0.001 -19"><span class='ocrx_word' id='word_1_85' title='bbox 63 1374 185 1456; x_wconf 89' lang='lat' dir='ltr'><strong>scripta</strong></span> <span class='ocrx_word' id='word_1_86' title='bbox 208 1370 400 1437; x_wconf 86' lang='lat' dir='ltr'><strong>mandamus</strong></span> <span class='ocrx_word' id='word_1_87' title='bbox 433 1379 532 1455; x_wconf 88' lang='lat' dir='ltr'><strong>atque</strong></span> <span class='ocrx_word' id='word_1_88' title='bbox 554 1373 766 1455; x_wconf 90' lang='lat' dir='ltr'><strong>precipimus,</strong></span> <span class='ocrx_word' id='word_1_89' title='bbox 800 1375 952 1456; x_wconf 92' lang='lat' dir='ltr'><strong>quatinus</strong></span> <span class='ocrx_word' id='word_1_90' title='bbox 984 1374 1049 1437; x_wconf 91' lang='lat' dir='ltr'><strong>iam</strong></span> <span class='ocrx_word' id='word_1_91' title='bbox 1082 1373 1169 1437; x_wconf 92' lang='lat' dir='ltr'><strong>dicto</strong></span> <span class='ocrx_word' id='word_1_92' title='bbox 1192 1372 1342 1455; x_wconf 90' lang='lat' dir='ltr'><strong>episcopo</strong></span> 
     </span>
     <span class='ocr_line' id='line_1_12' title="bbox 62 1478 1341 1562; baseline 0 -19"><span class='ocrx_word' id='word_1_93' title='bbox 62 1484 221 1562; x_wconf 87' lang='lat' dir='ltr'><strong>exparte</strong></span> <span class='ocrx_word' id='word_1_94' title='bbox 251 1484 364 1543; x_wconf 90' lang='lat' dir='ltr'><strong>nostra</strong></span> <span class='ocrx_word' id='word_1_95' title='bbox 396 1483 429 1544; x_wconf 90' lang='lat' dir='ltr'><strong>et</strong></span> <span class='ocrx_word' id='word_1_96' title='bbox 459 1483 518 1543; x_wconf 93' lang='lat' dir='ltr'><strong>tua</strong></span> <span class='ocrx_word' id='word_1_97' title='bbox 540 1480 574 1543; x_wconf 91' lang='lat' dir='ltr'><strong>in</strong></span> <span class='ocrx_word' id='word_1_98' title='bbox 597 1478 780 1544; x_wconf 88' lang='lat' dir='ltr'><strong>obedientie</strong></span> <span class='ocrx_word' id='word_1_99' title='bbox 803 1480 923 1543; x_wconf 90' lang='lat' dir='ltr'><strong>virtute</strong></span> <span class='ocrx_word' id='word_1_100' title='bbox 946 1480 1122 1562; x_wconf 89' lang='lat' dir='ltr'><strong>precipias,</strong></span> <span class='ocrx_word' id='word_1_101' title='bbox 1154 1484 1192 1543; x_wconf 92' lang='lat' dir='ltr'><strong>ut</strong></span> <span class='ocrx_word' id='word_1_102' title='bbox 1218 1479 1248 1542; x_wconf 93' lang='lat' dir='ltr'><strong>ei</strong></span> <span class='ocrx_word' id='word_1_103' title='bbox 1270 1499 1341 1561; x_wconf 93' lang='lat' dir='ltr'><strong>pre·</strong></span> 
     </span>
     <span class='ocr_line' id='line_1_13' title="bbox 61 1584 1342 1668; baseline -0.001 -19"><span class='ocrx_word' id='word_1_104' title='bbox 61 1586 220 1668; x_wconf 89' lang='lat' dir='ltr'><strong>scriptam</strong></span> <span class='ocrx_word' id='word_1_105' title='bbox 238 1584 437 1668; x_wconf 89' lang='lat' dir='ltr'><strong>prebendam</strong></span> <span class='ocrx_word' id='word_1_106' title='bbox 455 1585 690 1651; x_wconf 90' lang='lat' dir='ltr'><strong>nonobstante</strong></span> <span class='ocrx_word' id='word_1_107' title='bbox 716 1585 921 1651; x_wconf 87' lang='lat' dir='ltr'><strong>concessione</strong></span> <span class='ocrx_word' id='word_1_108' title='bbox 944 1585 995 1650; x_wconf 93' lang='lat' dir='ltr'><strong>vel</strong></span> <span class='ocrx_word' id='word_1_109' title='bbox 1019 1585 1202 1667; x_wconf 91' lang='lat' dir='ltr'><strong>donatione,</strong></span> <span class='ocrx_word' id='word_1_110' title='bbox 1227 1585 1254 1648; x_wconf 93' lang='lat' dir='ltr'><strong>si</strong></span> <span class='ocrx_word' id='word_1_111' title='bbox 1278 1605 1342 1667; x_wconf 91' lang='lat' dir='ltr'><strong>qua</strong></span> 
     </span>
    </p>

    <p class='ocr_par' dir='ltr' id='par_1_4' title="bbox 60 1689 1342 1775">
     <span class='ocr_line' id='line_1_14' title="bbox 60 1689 1342 1775; baseline 0 -21"><span class='ocrx_word' id='word_1_112' title='bbox 60 1690 150 1757; x_wconf 89' lang='lat' dir='ltr'><strong>facta</strong></span> <span class='ocrx_word' id='word_1_113' title='bbox 173 1697 234 1772; x_wconf 92' lang='lat' dir='ltr'><strong>est,</strong></span> <span class='ocrx_word' id='word_1_114' title='bbox 263 1691 392 1757; x_wconf 92' lang='lat' dir='ltr'><strong>sublato</strong></span> <span class='ocrx_word' id='word_1_115' title='bbox 412 1691 638 1775; x_wconf 88' lang='lat' dir='ltr'><strong>appellationis</strong></span> <span class='ocrx_word' id='word_1_116' title='bbox 667 1691 799 1774; x_wconf 84' lang='lat' dir='ltr'><strong>diffugio</strong></span> <span class='ocrx_word' id='word_1_117' title='bbox 824 1691 971 1757; x_wconf 83' lang='lat' dir='ltr'><strong>conferat</strong></span> <span class='ocrx_word' id='word_1_118' title='bbox 993 1699 1026 1756; x_wconf 92' lang='lat' dir='ltr'><strong>et</strong></span> <span class='ocrx_word' id='word_1_119' title='bbox 1049 1693 1201 1774; x_wconf 85' lang='lat' dir='ltr'><strong>assignet.</strong></span> <span class='ocrx_word' id='word_1_120' title='bbox 1248 1689 1342 1772; x_wconf 80' lang='lat' dir='ltr'><strong>Quod</strong></span> 
     </span>
    </p>

    <p class='ocr_par' dir='ltr' id='par_1_5' title="bbox 60 1796 1342 2200">
     <span class='ocr_line' id='line_1_15' title="bbox 61 1796 1342 1879; baseline -0.001 -18"><span class='ocrx_word' id='word_1_121' title='bbox 61 1798 88 1861; x_wconf 92' lang='lat' dir='ltr'><strong>si</strong></span> <span class='ocrx_word' id='word_1_122' title='bbox 109 1798 221 1863; x_wconf 81' lang='lat' dir='ltr'><strong>lacere</strong></span> <span class='ocrx_word' id='word_1_123' title='bbox 253 1797 337 1863; x_wconf 84' lang='lat' dir='ltr'><strong>forte</strong></span> <span class='ocrx_word' id='word_1_124' title='bbox 368 1797 518 1879; x_wconf 85' lang='lat' dir='ltr'><strong>noluerit,</strong></span> <span class='ocrx_word' id='word_1_125' title='bbox 551 1803 588 1862; x_wconf 89' lang='lat' dir='ltr'><strong>tu</strong></span> <span class='ocrx_word' id='word_1_126' title='bbox 621 1799 861 1863; x_wconf 89' lang='lat' dir='ltr'><strong>concessionem</strong></span> <span class='ocrx_word' id='word_1_127' title='bbox 893 1798 943 1862; x_wconf 91' lang='lat' dir='ltr'><strong>vel</strong></span> <span class='ocrx_word' id='word_1_128' title='bbox 967 1797 1172 1863; x_wconf 90' lang='lat' dir='ltr'><strong>donationem</strong></span> <span class='ocrx_word' id='word_1_129' title='bbox 1202 1796 1242 1862; x_wconf 91' lang='lat' dir='ltr'><strong>de</strong></span> <span class='ocrx_word' id='word_1_130' title='bbox 1270 1797 1342 1878; x_wconf 91' lang='lat' dir='ltr'><strong>ipsa</strong></span> 
     </span>
     <span class='ocr_line' id='line_1_16' title="bbox 61 1902 1342 1988; baseline 0 -20"><span class='ocrx_word' id='word_1_131' title='bbox 61 1903 193 1985; x_wconf 81' lang='lat' dir='ltr'><strong>factam,</strong></span> <span class='ocrx_word' id='word_1_132' title='bbox 218 1903 435 1988; x_wconf 88' lang='lat' dir='ltr'><strong>appellatione</strong></span> <span class='ocrx_word' id='word_1_133' title='bbox 458 1909 596 1986; x_wconf 90' lang='lat' dir='ltr'><strong>remota,</strong></span> <span class='ocrx_word' id='word_1_134' title='bbox 627 1905 754 1968; x_wconf 91' lang='lat' dir='ltr'><strong>irritam</strong></span> <span class='ocrx_word' id='word_1_135' title='bbox 784 1904 954 1969; x_wconf 86' lang='lat' dir='ltr'><strong>denunties</strong></span> <span class='ocrx_word' id='word_1_136' title='bbox 978 1911 1011 1968; x_wconf 92' lang='lat' dir='ltr'><strong>et</strong></span> <span class='ocrx_word' id='word_1_137' title='bbox 1034 1905 1220 1986; x_wconf 91' lang='lat' dir='ltr'><strong>episcopum</strong></span> <span class='ocrx_word' id='word_1_138' title='bbox 1243 1924 1263 1967; x_wconf 89' lang='lat' dir='ltr'><strong>a</strong></span> <span class='ocrx_word' id='word_1_139' title='bbox 1287 1902 1342 1968; x_wconf 93' lang='lat' dir='ltr'><strong>do·</strong></span> 
     </span>
     <span class='ocr_line' id='line_1_17' title="bbox 60 2009 1341 2092; baseline 0 -18"><span class='ocrx_word' id='word_1_140' title='bbox 60 2012 194 2076; x_wconf 90' lang='lat' dir='ltr'><strong>natione</strong></span> <span class='ocrx_word' id='word_1_141' title='bbox 216 2010 455 2092; x_wconf 89' lang='lat' dir='ltr'><strong>prebendarum</strong></span> <span class='ocrx_word' id='word_1_142' title='bbox 478 2017 592 2076; x_wconf 90' lang='lat' dir='ltr'><strong>nostra</strong></span> <span class='ocrx_word' id='word_1_143' title='bbox 615 2017 648 2076; x_wconf 91' lang='lat' dir='ltr'><strong>et</strong></span> <span class='ocrx_word' id='word_1_144' title='bbox 671 2016 728 2075; x_wconf 92' lang='lat' dir='ltr'><strong>tua</strong></span> <span class='ocrx_word' id='word_1_145' title='bbox 747 2010 850 2075; x_wconf 87' lang='lat' dir='ltr'><strong>fretus</strong></span> <span class='ocrx_word' id='word_1_146' title='bbox 869 2011 1064 2075; x_wconf 92' lang='lat' dir='ltr'><strong>auctoritate</strong></span> <span class='ocrx_word' id='word_1_147' title='bbox 1086 2009 1187 2074; x_wconf 91' lang='lat' dir='ltr'><strong>facias</strong></span> <span class='ocrx_word' id='word_1_148' title='bbox 1210 2030 1341 2074; x_wconf 90' lang='lat' dir='ltr'><strong>manere</strong></span> 
     </span>
     <span class='ocr_line' id='line_1_18' title="bbox 61 2116 1340 2200; baseline -0.001 -19"><span class='ocrx_word' id='word_1_149' title='bbox 61 2137 267 2200; x_wconf 86' lang='lat' dir='ltr'><strong>suspensum,</strong></span> <span class='ocrx_word' id='word_1_150' title='bbox 291 2116 394 2181; x_wconf 92' lang='lat' dir='ltr'><strong>donec</strong></span> <span class='ocrx_word' id='word_1_151' title='bbox 408 2117 448 2181; x_wconf 92' lang='lat' dir='ltr'><strong>de</strong></span> <span class='ocrx_word' id='word_1_152' title='bbox 467 2119 649 2200; x_wconf 89' lang='lat' dir='ltr'><strong>provisione</strong></span> <span class='ocrx_word' id='word_1_153' title='bbox 664 2119 758 2182; x_wconf 89' lang='lat' dir='ltr'><strong>istius</strong></span> <span class='ocrx_word' id='word_1_154' title='bbox 773 2117 964 2181; x_wconf 90' lang='lat' dir='ltr'><strong>mandatum</strong></span> <span class='ocrx_word' id='word_1_155' title='bbox 979 2116 1192 2199; x_wconf 91' lang='lat' dir='ltr'><strong>apostolicum</strong></span> <span class='ocrx_word' id='word_1_156' title='bbox 1206 2116 1340 2199; x_wconf 92' lang='lat' dir='ltr'><strong>implea-</strong></span> 
     </span>
    </p>

    <p class='ocr_par' dir='ltr' id='par_1_6' title="bbox 60 2222 1341 2520">
     <span class='ocr_line' id='line_1_19' title="bbox 60 2222 1341 2306; baseline -0.002 -19"><span class='ocrx_word' id='word_1_157' title='bbox 60 2231 128 2303; x_wconf 91' lang='lat' dir='ltr'><strong>tur;</strong></span> <span class='ocrx_word' id='word_1_158' title='bbox 152 2223 252 2286; x_wconf 90' lang='lat' dir='ltr'><strong>nullis</strong></span> <span class='ocrx_word' id='word_1_159' title='bbox 275 2223 393 2288; x_wconf 90' lang='lat' dir='ltr'><strong>litteris</strong></span> <span class='ocrx_word' id='word_1_160' title='bbox 417 2223 634 2304; x_wconf 86' lang='lat' dir='ltr'><strong>obstantibus,</strong></span> <span class='ocrx_word' id='word_1_161' title='bbox 659 2224 686 2287; x_wconf 94' lang='lat' dir='ltr'><strong>si</strong></span> <span class='ocrx_word' id='word_1_162' title='bbox 710 2244 773 2306; x_wconf 86' lang='lat' dir='ltr'><strong>que</strong></span> <span class='ocrx_word' id='word_1_163' title='bbox 797 2229 873 2288; x_wconf 90' lang='lat' dir='ltr'><strong>sunt</strong></span> <span class='ocrx_word' id='word_1_164' title='bbox 890 2224 942 2288; x_wconf 94' lang='lat' dir='ltr'><strong>vel</strong></span> <span class='ocrx_word' id='word_1_165' title='bbox 964 2222 1085 2287; x_wconf 90' lang='lat' dir='ltr'><strong>fuerint</strong></span> <span class='ocrx_word' id='word_1_166' title='bbox 1107 2222 1157 2286; x_wconf 91' lang='lat' dir='ltr'><strong>his</strong></span> <span class='ocrx_word' id='word_1_167' title='bbox 1181 2223 1341 2286; x_wconf 91' lang='lat' dir='ltr'><strong>contrarie</strong></span> 
     </span>
     <span class='ocr_line' id='line_1_20' title="bbox 61 2327 1341 2412; baseline -0.001 -20"><span class='ocrx_word' id='word_1_168' title='bbox 61 2331 200 2395; x_wconf 89' lang='lat' dir='ltr'><strong>veritate</strong></span> <span class='ocrx_word' id='word_1_169' title='bbox 231 2330 332 2394; x_wconf 90' lang='lat' dir='ltr'><strong>tacita</strong></span> <span class='ocrx_word' id='word_1_170' title='bbox 364 2331 398 2393; x_wconf 91' lang='lat' dir='ltr'><strong>in</strong></span> <span class='ocrx_word' id='word_1_171' title='bbox 429 2336 596 2412; x_wconf 89' lang='lat' dir='ltr'><strong>posterum</strong></span> <span class='ocrx_word' id='word_1_172' title='bbox 629 2331 811 2412; x_wconf 88' lang='lat' dir='ltr'><strong>impetrate.</strong></span> <span class='ocrx_word' id='word_1_173' title='bbox 857 2330 911 2394; x_wconf 90' lang='lat' dir='ltr'><strong>Ad</strong></span> <span class='ocrx_word' id='word_1_174' title='bbox 942 2329 1024 2394; x_wconf 90' lang='lat' dir='ltr'><strong>haec</strong></span> <span class='ocrx_word' id='word_1_175' title='bbox 1054 2329 1254 2412; x_wconf 89' lang='lat' dir='ltr'><strong>presentium</strong></span> <span class='ocrx_word' id='word_1_176' title='bbox 1280 2327 1341 2392; x_wconf 92' lang='lat' dir='ltr'><strong>tibi</strong></span> 
     </span>
     <span class='ocr_line' id='line_1_21' title="bbox 62 2434 1341 2520; baseline -0.002 -19"><span class='ocrx_word' id='word_1_177' title='bbox 62 2437 258 2502; x_wconf 88' lang='lat' dir='ltr'><strong>auctoritate</strong></span> <span class='ocrx_word' id='word_1_178' title='bbox 280 2436 487 2519; x_wconf 84' lang='lat' dir='ltr'><strong>iniungimus,</strong></span> <span class='ocrx_word' id='word_1_179' title='bbox 512 2442 549 2500; x_wconf 91' lang='lat' dir='ltr'><strong>ut</strong></span> <span class='ocrx_word' id='word_1_180' title='bbox 567 2437 832 2519; x_wconf 86' lang='lat' dir='ltr'><strong>compositionem</strong></span> <span class='ocrx_word' id='word_1_181' title='bbox 855 2439 941 2502; x_wconf 92' lang='lat' dir='ltr'><strong>inter</strong></span> <span class='ocrx_word' id='word_1_182' title='bbox 962 2439 1069 2520; x_wconf 91' lang='lat' dir='ltr'><strong>ipsum</strong></span> <span class='ocrx_word' id='word_1_183' title='bbox 1087 2434 1285 2519; x_wconf 80' lang='lat' dir='ltr'><strong>Io(haunem)</strong></span> <span class='ocrx_word' id='word_1_184' title='bbox 1308 2439 1341 2498; x_wconf 94' lang='lat' dir='ltr'><strong>et</strong></span> 
     </span>
    </p>
   </div>
   <div class='ocr_carea' id='block_1_3' title="bbox 60 2541 1342 3265">
    <p class='ocr_par' dir='ltr' id='par_1_7' title="bbox 60 2541 1342 3265">
     <span class='ocr_line' id='line_1_22' title="bbox 61 2541 1340 2628; baseline -0.002 -21"><span class='ocrx_word' id='word_1_185' title='bbox 61 2543 97 2607; x_wconf 93' lang='lat' dir='ltr'><strong>P.</strong></span> <span class='ocrx_word' id='word_1_186' title='bbox 123 2543 164 2607; x_wconf 95' lang='lat' dir='ltr'><strong>de</strong></span> <span class='ocrx_word' id='word_1_187' title='bbox 187 2542 297 2607; x_wconf 88' lang='lat' dir='ltr'><strong>Monte</strong></span> <span class='ocrx_word' id='word_1_188' title='bbox 329 2563 388 2624; x_wconf 91' lang='lat' dir='ltr'><strong>per</strong></span> <span class='ocrx_word' id='word_1_189' title='bbox 416 2542 634 2607; x_wconf 91' lang='lat' dir='ltr'><strong>venerabilem</strong></span> <span class='ocrx_word' id='word_1_190' title='bbox 662 2542 797 2607; x_wconf 91' lang='lat' dir='ltr'><strong>fratrem</strong></span> <span class='ocrx_word' id='word_1_191' title='bbox 825 2550 973 2609; x_wconf 90' lang='lat' dir='ltr'><strong>nostrum</strong></span> <span class='ocrx_word' id='word_1_192' title='bbox 1000 2544 1157 2628; x_wconf 79' lang='lat' dir='ltr'><strong>P(etrum)</strong></span> <span class='ocrx_word' id='word_1_193' title='bbox 1185 2541 1340 2605; x_wconf 78' lang='lat' dir='ltr'><strong>Tuscula·</strong></span> 
     </span>
     <span class='ocr_line' id='line_1_23' title="bbox 61 2646 1340 2735; baseline -0.002 -23"><span class='ocrx_word' id='word_1_194' title='bbox 61 2671 139 2714; x_wconf 91' lang='lat' dir='ltr'><strong>num</strong></span> <span class='ocrx_word' id='word_1_195' title='bbox 162 2649 363 2731; x_wconf 91' lang='lat' dir='ltr'><strong>episcopum,</strong></span> <span class='ocrx_word' id='word_1_196' title='bbox 392 2655 471 2713; x_wconf 89' lang='lat' dir='ltr'><strong>tunc</strong></span> <span class='ocrx_word' id='word_1_197' title='bbox 498 2650 586 2713; x_wconf 93' lang='lat' dir='ltr'><strong>tituli</strong></span> <span class='ocrx_word' id='word_1_198' title='bbox 615 2651 718 2714; x_wconf 89' lang='lat' dir='ltr'><strong>sancti</strong></span> <span class='ocrx_word' id='word_1_199' title='bbox 743 2649 915 2733; x_wconf 80' lang='lat' dir='ltr'><strong>Grisogoni</strong></span> <span class='ocrx_word' id='word_1_200' title='bbox 945 2649 1171 2735; x_wconf 85' lang='lat' dir='ltr'><strong>presbyterum</strong></span> <span class='ocrx_word' id='word_1_201' title='bbox 1194 2646 1340 2711; x_wconf 92' lang='lat' dir='ltr'><strong>cardina-</strong></span> 
     </span>
     <span class='ocr_line' id='line_1_24' title="bbox 60 2754 1342 2838; baseline -0.002 -20"><span class='ocrx_word' id='word_1_202' title='bbox 60 2755 135 2836; x_wconf 88' lang='lat' dir='ltr'><strong>lem,</strong></span> <span class='ocrx_word' id='word_1_203' title='bbox 159 2755 337 2838; x_wconf 91' lang='lat' dir='ltr'><strong>apostolice</strong></span> <span class='ocrx_word' id='word_1_204' title='bbox 362 2754 446 2819; x_wconf 90' lang='lat' dir='ltr'><strong>sedis</strong></span> <span class='ocrx_word' id='word_1_205' title='bbox 470 2755 623 2837; x_wconf 84' lang='lat' dir='ltr'><strong>legatum,</strong></span> <span class='ocrx_word' id='word_1_206' title='bbox 646 2755 769 2820; x_wconf 82' lang='lat' dir='ltr'><strong>factam</strong></span> <span class='ocrx_word' id='word_1_207' title='bbox 798 2763 831 2821; x_wconf 91' lang='lat' dir='ltr'><strong>et</strong></span> <span class='ocrx_word' id='word_1_208' title='bbox 858 2757 921 2821; x_wconf 91' lang='lat' dir='ltr'><strong>fide</strong></span> <span class='ocrx_word' id='word_1_209' title='bbox 949 2755 1122 2821; x_wconf 91' lang='lat' dir='ltr'><strong>hincinde</strong></span> <span class='ocrx_word' id='word_1_210' title='bbox 1150 2755 1342 2837; x_wconf 86' lang='lat' dir='ltr'><strong>interposita</strong></span> 
     </span>
     <span class='ocr_line' id='line_1_25' title="bbox 62 2860 1341 2944; baseline -0.002 -18"><span class='ocrx_word' id='word_1_211' title='bbox 62 2861 296 2943; x_wconf 80' lang='lat' dir='ltr'><strong>confirmatam,</strong></span> <span class='ocrx_word' id='word_1_212' title='bbox 321 2861 433 2944; x_wconf 90' lang='lat' dir='ltr'><strong>scripti</strong></span> <span class='ocrx_word' id='word_1_213' title='bbox 457 2863 555 2925; x_wconf 89' lang='lat' dir='ltr'><strong>etiarn</strong></span> <span class='ocrx_word' id='word_1_214' title='bbox 578 2864 681 2928; x_wconf 90' lang='lat' dir='ltr'><strong>nostri</strong></span> <span class='ocrx_word' id='word_1_215' title='bbox 708 2864 883 2927; x_wconf 92' lang='lat' dir='ltr'><strong>munimine</strong></span> <span class='ocrx_word' id='word_1_216' title='bbox 912 2864 1098 2929; x_wconf 87' lang='lat' dir='ltr'><strong>roboratam</strong></span> <span class='ocrx_word' id='word_1_217' title='bbox 1121 2860 1222 2925; x_wconf 90' lang='lat' dir='ltr'><strong>facias</strong></span> <span class='ocrx_word' id='word_1_218' title='bbox 1249 2861 1341 2924; x_wconf 86' lang='lat' dir='ltr'><strong>iuxta</strong></span> 
     </span>
     <span class='ocr_line' id='line_1_26' title="bbox 61 2967 1340 3053; baseline -0.002 -21"><span class='ocrx_word' id='word_1_219' title='bbox 61 2971 164 3052; x_wconf 91' lang='lat' dir='ltr'><strong>ipsius</strong></span> <span class='ocrx_word' id='word_1_220' title='bbox 193 2969 434 3050; x_wconf 87' lang='lat' dir='ltr'><strong>compositionis</strong></span> <span class='ocrx_word' id='word_1_221' title='bbox 462 2974 608 3033; x_wconf 90' lang='lat' dir='ltr'><strong>tenorem</strong></span> <span class='ocrx_word' id='word_1_222' title='bbox 636 2967 763 3034; x_wconf 91' lang='lat' dir='ltr'><strong>sublato</strong></span> <span class='ocrx_word' id='word_1_223' title='bbox 792 2971 1019 3053; x_wconf 87' lang='lat' dir='ltr'><strong>appellationis</strong></span> <span class='ocrx_word' id='word_1_224' title='bbox 1048 2968 1180 3050; x_wconf 86' lang='lat' dir='ltr'><strong>diffugio</strong></span> <span class='ocrx_word' id='word_1_225' title='bbox 1208 2967 1340 3031; x_wconf 90' lang='lat' dir='ltr'><strong>inviola-</strong></span> 
     </span>
     <span class='ocr_line' id='line_1_27' title="bbox 61 3073 1340 3158; baseline -0.002 -19"><span class='ocrx_word' id='word_1_226' title='bbox 61 3075 172 3140; x_wconf 90' lang='lat' dir='ltr'><strong>biliter</strong></span> <span class='ocrx_word' id='word_1_227' title='bbox 194 3074 361 3139; x_wconf 92' lang='lat' dir='ltr'><strong>observari</strong></span> <span class='ocrx_word' id='word_1_228' title='bbox 389 3080 422 3139; x_wconf 94' lang='lat' dir='ltr'><strong>et</strong></span> <span class='ocrx_word' id='word_1_229' title='bbox 449 3081 562 3138; x_wconf 90' lang='lat' dir='ltr'><strong>contra</strong></span> <span class='ocrx_word' id='word_1_230' title='bbox 590 3096 662 3139; x_wconf 88' lang='lat' dir='ltr'><strong>eam</strong></span> <span class='ocrx_word' id='word_1_231' title='bbox 691 3075 875 3142; x_wconf 89' lang='lat' dir='ltr'><strong>subtractos</strong></span> <span class='ocrx_word' id='word_1_232' title='bbox 906 3075 1012 3141; x_wconf 92' lang='lat' dir='ltr'><strong>eidem</strong></span> <span class='ocrx_word' id='word_1_233' title='bbox 1033 3073 1193 3158; x_wconf 87' lang='lat' dir='ltr'><strong>Io(hanni)</strong></span> <span class='ocrx_word' id='word_1_234' title='bbox 1217 3073 1340 3137; x_wconf 83' lang='lat' dir='ltr'><strong>fructus</strong></span> 
     </span>
     <span class='ocr_line' id='line_1_28' title="bbox 62 3180 1259 3265; baseline -0.003 -19"><span class='ocrx_word' id='word_1_235' title='bbox 62 3181 318 3247; x_wconf 89' lang='lat' dir='ltr'><strong>contradictione</strong></span> <span class='ocrx_word' id='word_1_236' title='bbox 343 3185 376 3244; x_wconf 92' lang='lat' dir='ltr'><strong>et</strong></span> <span class='ocrx_word' id='word_1_237' title='bbox 399 3181 617 3264; x_wconf 91' lang='lat' dir='ltr'><strong>appellatione</strong></span> <span class='ocrx_word' id='word_1_238' title='bbox 642 3190 790 3247; x_wconf 88' lang='lat' dir='ltr'><strong>cessante</strong></span> <span class='ocrx_word' id='word_1_239' title='bbox 814 3205 888 3248; x_wconf 91' lang='lat' dir='ltr'><strong>cum</strong></span> <span class='ocrx_word' id='word_1_240' title='bbox 910 3182 1098 3265; x_wconf 83' lang='lat' dir='ltr'><strong>integritate</strong></span> <span class='ocrx_word' id='word_1_241' title='bbox 1121 3180 1259 3244; x_wconf 88' lang='lat' dir='ltr'><strong>restitui.</strong></span> 
     </span>
    </p>
   </div>
   <div class='ocr_carea' id='block_1_4' title="bbox 595 3382 808 3391">
    <p class='ocr_par' dir='ltr' id='par_1_8' title="bbox 595 3382 808 3391">
     <span class='ocr_line' id='line_1_29' title="bbox 595 3382 808 3391; baseline 0.009 -2"><span class='ocrx_word' id='word_1_242' title='bbox 595 3382 808 3391; x_wconf 76' lang='lat'><strong>—————.-.</strong></span> 
     </span>
    </p>
   </div>
   <div class='ocr_carea' id='block_1_5' title="bbox 62 3520 1340 3813">
    <p class='ocr_par' dir='ltr' id='par_1_9' title="bbox 62 3520 1340 3813">
     <span class='ocr_line' id='line_1_30' title="bbox 62 3520 1340 3601; baseline -0.009 -12"><span class='ocrx_word' id='word_1_243' title='bbox 62 3521 149 3589; x_wconf 83' lang='lat'><strong>305.</strong></span> <span class='ocrx_word' id='word_1_244' title='bbox 174 3522 340 3582; x_wconf 65' lang='lat' dir='ltr'><strong>Aurorae</strong></span> <span class='ocrx_word' id='word_1_245' title='bbox 362 3522 414 3582; x_wconf 88' lang='grc' dir='ltr'><strong>ΙΙΙ</strong></span> <span class='ocrx_word' id='word_1_246' title='bbox 431 3523 557 3599; x_wconf 80' lang='lat' dir='ltr'><strong>capitulo</strong></span> <span class='ocrx_word' id='word_1_247' title='bbox 583 3523 793 3584; x_wconf 74' lang='lat' dir='ltr'><strong>Silcoowteasi</strong></span> <span class='ocrx_word' id='word_1_248' title='bbox 819 3525 853 3584; x_wconf 79' lang='lat' dir='ltr'><strong>da</strong></span> <span class='ocrx_word' id='word_1_249' title='bbox 875 3523 1074 3601; x_wconf 63' lang='lat' dir='ltr'><strong>stipatoribus</strong></span> <span class='ocrx_word' id='word_1_250' title='bbox 1097 3523 1135 3581; x_wconf 88' lang='lat' dir='ltr'><strong>ud</strong></span> <span class='ocrx_word' id='word_1_251' title='bbox 1162 3520 1340 3579; x_wconf 82' lang='lat' dir='ltr'><strong>Willelmum</strong></span> 
     </span>
     <span class='ocr_line' id='line_1_31' title="bbox 172 3628 1338 3707; baseline -0.002 -19"><span class='ocrx_word' id='word_1_252' title='bbox 172 3629 346 3688; x_wconf 70' lang='lat' dir='ltr'><strong>Romanam</strong></span> <span class='ocrx_word' id='word_1_253' title='bbox 372 3635 398 3688; x_wconf 81' lang='lat' dir='ltr'><strong>el</strong></span> <span class='ocrx_word' id='word_1_254' title='bbox 424 3630 586 3689; x_wconf 72' lang='lat' dir='ltr'><strong>Hebraeum</strong></span> <span class='ocrx_word' id='word_1_255' title='bbox 617 3631 860 3690; x_wconf 76' lang='lat' dir='ltr'><strong>Silcooectatsem</strong></span> <span class='ocrx_word' id='word_1_256' title='bbox 882 3630 1011 3707; x_wconf 78' lang='lat' dir='ltr'><strong>epistolis</strong></span> <span class='ocrx_word' id='word_1_257' title='bbox 1038 3629 1144 3688; x_wconf 72' lang='lat' dir='ltr'><strong>scribit.</strong></span> <span class='ocrx_word' id='word_1_258' title='bbox 1195 3628 1338 3700; x_wconf 77' lang='lat' dir='ltr'><strong>Prohibet,</strong></span> 
     </span>
     <span class='ocr_line' id='line_1_32' title="bbox 171 3734 1340 3813; baseline -0.003 -18"><span class='ocrx_word' id='word_1_259' title='bbox 171 3755 210 3795; x_wconf 80' lang='lat' dir='ltr'><strong>ae</strong></span> <span class='ocrx_word' id='word_1_260' title='bbox 232 3754 317 3812; x_wconf 79' lang='lat' dir='ltr'><strong>quem</strong></span> <span class='ocrx_word' id='word_1_261' title='bbox 343 3735 379 3794; x_wconf 81' lang='lat' dir='ltr'><strong>in</strong></span> <span class='ocrx_word' id='word_1_262' title='bbox 405 3737 581 3794; x_wconf 69' lang='lat' dir='ltr'><strong>cancamum</strong></span> <span class='ocrx_word' id='word_1_263' title='bbox 607 3738 762 3813; x_wconf 74' lang='lat' dir='ltr'><strong>recipiant,</strong></span> <span class='ocrx_word' id='word_1_264' title='bbox 791 3737 879 3796; x_wconf 76' lang='lat' dir='ltr'><strong>rloaec</strong></span> <span class='ocrx_word' id='word_1_265' title='bbox 900 3736 1029 3797; x_wconf 78' lang='lat' dir='ltr'><strong>[elmoni</strong></span> <span class='ocrx_word' id='word_1_266' title='bbox 1053 3738 1156 3812; x_wconf 72' lang='lat' dir='ltr'><strong>podiae</strong></span> <span class='ocrx_word' id='word_1_267' title='bbox 1176 3734 1340 3811; x_wconf 72' lang='lat' dir='ltr'><strong>praebendo</strong></span> 
     </span>
    </p>
   </div>
   <div class='ocr_carea' id='block_1_6' title="bbox 171 3842 1020 4016">
    <p class='ocr_par' dir='ltr' id='par_1_10' title="bbox 171 3842 1020 4016">
     <span class='ocr_line' id='line_1_33' title="bbox 171 3842 479 3918; baseline 0 -17"><span class='ocrx_word' id='word_1_268' title='bbox 171 3842 285 3918; x_wconf 64' lang='lat' dir='ltr'><strong>latare</strong></span> <span class='ocrx_word' id='word_1_269' title='bbox 306 3842 410 3902; x_wconf 80' lang='lat' dir='ltr'><strong>collata</strong></span> <span class='ocrx_word' id='word_1_270' title='bbox 432 3843 479 3901; x_wconf 81' lang='lat' dir='ltr'><strong>ait.</strong></span> 
     </span>
     <span class='ocr_line' id='line_1_34' title="bbox 380 3943 1020 4016; baseline 0 -18"><span class='ocrx_word' id='word_1_271' title='bbox 380 3944 449 4014; x_wconf 84' lang='lat' dir='ltr'><strong>Reg.</strong></span> <span class='ocrx_word' id='word_1_272' title='bbox 467 3944 547 3999; x_wconf 85' lang='lat' dir='ltr'><strong>Alex.</strong></span> <span class='ocrx_word' id='word_1_273' title='bbox 566 3943 663 4015; x_wconf 87' lang='lat' dir='ltr'><strong>fragm.</strong></span> <span class='ocrx_word' id='word_1_274' title='bbox 684 3963 726 4016; x_wconf 90' lang='lat' dir='ltr'><strong>ep.</strong></span> <span class='ocrx_word' id='word_1_275' title='bbox 746 3946 788 4013; x_wconf 83' lang='lat'><strong>59,</strong></span> <span class='ocrx_word' id='word_1_276' title='bbox 807 3944 825 3997; x_wconf 91' lang='lat' dir='ltr'><strong>l.</strong></span> <span class='ocrx_word' id='word_1_277' title='bbox 843 3945 862 3999; x_wconf 87' lang='grc'><strong>1.</strong></span> <span class='ocrx_word' id='word_1_278' title='bbox 882 3945 928 4000; x_wconf 83' lang='lat' dir='ltr'><strong>fol.</strong></span> <span class='ocrx_word' id='word_1_279' title='bbox 948 3945 1020 4000; x_wconf 74' lang='lat' dir='ltr'><strong>raab.</strong></span> 
     </span>
    </p>
   </div>
   <div class='ocr_carea' id='block_1_7' title="bbox 57 4085 1498 4488">
    <p class='ocr_par' dir='ltr' id='par_1_11' title="bbox 57 4085 1498 4488">
     <span class='ocr_line' id='line_1_35' title="bbox 147 4085 1472 4169; baseline -0.004 -19"><span class='ocrx_word' id='word_1_280' title='bbox 147 4085 523 4169; x_wconf 80' lang='lat' dir='ltr'><strong>Decano1etcapitulo</strong></span> <span class='ocrx_word' id='word_1_281' title='bbox 547 4085 790 4152; x_wconf 83' lang='lat' dir='ltr'><strong>Silvanectensi.</strong></span> <span class='ocrx_word' id='word_1_282' title='bbox 836 4086 902 4151; x_wconf 89' lang='lat' dir='ltr'><strong>Per</strong></span> <span class='ocrx_word' id='word_1_283' title='bbox 929 4086 1011 4150; x_wconf 90' lang='lat' dir='ltr'><strong>alias</strong></span> <span class='ocrx_word' id='word_1_284' title='bbox 1041 4086 1167 4149; x_wconf 92' lang='lat' dir='ltr'><strong>litteras</strong></span> <span class='ocrx_word' id='word_1_285' title='bbox 1190 4105 1248 4148; x_wconf 89' lang='lat' dir='ltr'><strong>nos</strong></span> <span class='ocrx_word' id='word_1_286' title='bbox 1272 4104 1337 4146; x_wconf 91' lang='lat' dir='ltr'><strong>me·</strong></span> <span class='ocrx_word' id='word_1_287' title='bbox 1388 4101 1472 4159; x_wconf 80' lang='lat'>1179</span> 
     </span>
     <span class='ocr_line' id='line_1_36' title="bbox 57 4190 1498 4275; baseline -0.002 -18"><span class='ocrx_word' id='word_1_288' title='bbox 57 4193 212 4257; x_wconf 88' lang='lat' dir='ltr'><strong>minimus</strong></span> <span class='ocrx_word' id='word_1_289' title='bbox 235 4192 327 4257; x_wconf 89' lang='lat' dir='ltr'><strong>vobis</strong></span> <span class='ocrx_word' id='word_1_290' title='bbox 349 4193 383 4256; x_wconf 96' lang='lat' dir='ltr'><strong>in</strong></span> <span class='ocrx_word' id='word_1_291' title='bbox 406 4193 525 4257; x_wconf 93' lang='lat' dir='ltr'><strong>virtute</strong></span> <span class='ocrx_word' id='word_1_292' title='bbox 548 4192 731 4257; x_wconf 91' lang='lat' dir='ltr'><strong>obedientie</strong></span> <span class='ocrx_word' id='word_1_293' title='bbox 755 4193 953 4275; x_wconf 91' lang='lat' dir='ltr'><strong>precepisse,</strong></span> <span class='ocrx_word' id='word_1_294' title='bbox 981 4199 1018 4256; x_wconf 94' lang='lat' dir='ltr'><strong>ut</strong></span> <span class='ocrx_word' id='word_1_295' title='bbox 1039 4192 1164 4255; x_wconf 91' lang='lat' dir='ltr'><strong>nullum</strong></span> <span class='ocrx_word' id='word_1_296' title='bbox 1186 4191 1219 4253; x_wconf 94' lang='lat' dir='ltr'><strong>in</strong></span> <span class='ocrx_word' id='word_1_297' title='bbox 1243 4211 1336 4255; x_wconf 92' lang='lat' dir='ltr'><strong>cano·</strong></span> <span class='ocrx_word' id='word_1_298' title='bbox 1356 4190 1498 4250; x_wconf 66' lang='lat' dir='ltr'><strong>Mallun.</strong></span> 
     </span>
     <span class='ocr_line' id='line_1_37' title="bbox 57 4297 1337 4384; baseline -0.002 -22"><span class='ocrx_word' id='word_1_299' title='bbox 57 4301 179 4380; x_wconf 88' lang='lat' dir='ltr'><strong>uicum,</strong></span> <span class='ocrx_word' id='word_1_300' title='bbox 211 4298 312 4363; x_wconf 93' lang='lat' dir='ltr'><strong>donec</strong></span> <span class='ocrx_word' id='word_1_301' title='bbox 336 4297 473 4362; x_wconf 92' lang='lat' dir='ltr'><strong>dilectus</strong></span> <span class='ocrx_word' id='word_1_302' title='bbox 495 4297 581 4362; x_wconf 91' lang='lat' dir='ltr'><strong>filius</strong></span> <span class='ocrx_word' id='word_1_303' title='bbox 615 4305 725 4363; x_wconf 90' lang='lat' dir='ltr'><strong>noster</strong></span> <span class='ocrx_word' id='word_1_304' title='bbox 747 4299 933 4384; x_wconf 86' lang='lat' dir='ltr'><strong>I(ohannes)</strong></span> <span class='ocrx_word' id='word_1_305' title='bbox 955 4304 1061 4382; x_wconf 86' lang='lat' dir='ltr'><strong>poeta,</strong></span> <span class='ocrx_word' id='word_1_306' title='bbox 1086 4298 1220 4362; x_wconf 92' lang='lat' dir='ltr'><strong>clericus</strong></span> <span class='ocrx_word' id='word_1_307' title='bbox 1244 4317 1337 4361; x_wconf 91' lang='lat' dir='ltr'><strong>vene-</strong></span> 
     </span>
     <span class='ocr_line' id='line_1_38' title="bbox 57 4403 1339 4488; baseline -0.001 -20"><span class='ocrx_word' id='word_1_308' title='bbox 57 4405 173 4471; x_wconf 92' lang='lat' dir='ltr'><strong>rabilis</strong></span> <span class='ocrx_word' id='word_1_309' title='bbox 196 4403 309 4469; x_wconf 86' lang='lat' dir='ltr'><strong>fratris</strong></span> <span class='ocrx_word' id='word_1_310' title='bbox 331 4405 435 4469; x_wconf 86' lang='lat' dir='ltr'><strong>nostri</strong></span> <span class='ocrx_word' id='word_1_311' title='bbox 456 4405 642 4469; x_wconf 89' lang='lat' dir='ltr'><strong>Prenestini</strong></span> <span class='ocrx_word' id='word_1_312' title='bbox 666 4406 830 4488; x_wconf 82' lang='lat' dir='ltr'><strong>episcopi2</strong></span> <span class='ocrx_word' id='word_1_313' title='bbox 852 4405 988 4470; x_wconf 91' lang='lat' dir='ltr'><strong>haberet</strong></span> <span class='ocrx_word' id='word_1_314' title='bbox 1014 4406 1048 4468; x_wconf 93' lang='lat' dir='ltr'><strong>in</strong></span> <span class='ocrx_word' id='word_1_315' title='bbox 1071 4404 1208 4469; x_wconf 89' lang='lat' dir='ltr'><strong>ecclesia</strong></span> <span class='ocrx_word' id='word_1_316' title='bbox 1230 4410 1339 4468; x_wconf 89' lang='lat' dir='ltr'><strong>vestra</strong></span> 
     </span>
    </p>
   </div>
   <div class='ocr_carea' id='block_1_8' title="bbox 109 4581 1124 4741">
    <p class='ocr_par' dir='ltr' id='par_1_12' title="bbox 109 4581 1124 4741">
     <span class='ocr_line' id='line_1_39' title="bbox 148 4581 591 4652; baseline -0.002 -15"><span class='ocrx_word' id='word_1_317' title='bbox 148 4582 156 4613; x_wconf 91' lang='lat'>¹</span> <span class='ocrx_word' id='word_1_318' title='bbox 177 4581 331 4652; x_wconf 83' lang='lat' dir='ltr'><strong>Stephano.</strong></span> <span class='ocrx_word' id='word_1_319' title='bbox 406 4581 591 4637; x_wconf 77' lang='lat' dir='ltr'><strong>²Berneredi.</strong></span> 
     </span>
     <span class='ocr_line' id='line_1_40' title="bbox 109 4672 1124 4741; baseline -0.008 -9"><span class='ocrx_word' id='word_1_320' title='bbox 109 4691 296 4741; x_wconf 68' lang='lat' dir='ltr'><strong>mmm),</strong></span> <span class='ocrx_word' id='word_1_321' title='bbox 315 4688 389 4741; x_wconf 83' lang='lat' dir='ltr'><strong>Epist.</strong></span> <span class='ocrx_word' id='word_1_322' title='bbox 404 4690 469 4730; x_wconf 87' lang='lat' dir='ltr'><strong>Pont.</strong></span> <span class='ocrx_word' id='word_1_323' title='bbox 486 4691 550 4730; x_wconf 85' lang='lat' dir='ltr'><strong>Rom.</strong></span> <span class='ocrx_word' id='word_1_324' title='bbox 1090 4672 1124 4724; x_wconf 83' lang='lat'><strong>12</strong></span> 
     </span>
    </p>
   </div>
   <div class='ocr_carea' id='block_1_9' title="bbox 0 0 1554 5056">
    <p class='ocr_par' dir='ltr' id='par_1_13' title="bbox 0 0 1554 5056">
     <span class='ocr_line' id='line_1_41' title="bbox 0 0 1554 5056; baseline 0 1"><span class='ocrx_word' id='word_1_325' title='bbox 0 0 1554 5056; x_wconf 95' lang='lat' dir='ltr'><strong> </strong></span> 
     </span>
    </p>
   </div>
  </div>
 </body>
</html>
