3098 5056
224 251 286 313 190
567 263 757 317 Annxnumu
775 277 812 316 111
835 262 1177 351 EPIST0122113322.323>⁴

221 431 305 496 322.
330 430 493 490 Atrmuudm·
509 429 561 489 ΠΙ
579 429 709 504 episeopo
736 428 866 486 ileomd
887 428 1019 500 mmdm,
1043 433 1161 486 momoi
1183 427 1351 503 episeopmm
1373 424 1505 485 Meldem

331 555 402 609 som,
426 542 459 595 id
480 536 650 595 queuntium
667 535 903 611 praebendorum
924 552 1021 592 uuum
1043 534 1154 593 Hemeo
1181 535 1320 593 momine
1348 532 1506 608 dompnum

242 686 245 692 -
332 649 384 702 out
406 643 564 701 dimidiam
587 642 652 700 eius
673 642 817 716 integrum
838 641 962 700 ditemus
984 659 1046 699 oon
1069 641 1200 717 differat,
1228 641 1281 716 qui
1302 640 1366 700 uisi
1392 641 1505 716 facerit,

331 751 394 825 ipse
416 749 593 829 munimime
615 747 808 824 apostolieum
831 752 996 823 exequatur.

326 851 395 922 Reg.
415 850 494 906 Alex.
513 849 611 920 fragm.
631 867 674 920 ep.
694 849 737 916 20,
754 849 784 902 in
804 847 864 903 cod.
880 846 1085 903 Coll.Trinitat.
1098 847 1259 919 cantabrig.
1269 847 1303 902 R.
1314 848 1339 902 9.
1350 850 1393 902 17.

730 954 752 992 s.
770 950 826 990 ΧΠ.
845 936 891 991 fol.
912 936 985 990 114b.

36 1057 201 1116 1180med.
309 1044 663 1127 Trecensiepiscop0.1
707 1028 780 1109 Non
808 1044 877 1107 sine
904 1044 1025 1107 iniuria
1057 1042 1234 1126 apostolice
1266 1043 1352 1108 sedis
1382 1048 1416 1107 et
1444 1064 1503 1107 sue

220 1151 304 1216 fame
334 1150 502 1234 dispendio
535 1150 637 1214 frater
668 1156 779 1216 noster
801 1148 977 1214 Meldensis
1008 1150 1197 1233 episcopus²
1219 1149 1373 1214 dilectum
1397 1149 1502 1214 filium

219 1263 366 1324 nostrum
397 1256 593 1342 H(erveum),
628 1257 818 1321 canonicum
851 1277 960 1337 suum,
995 1256 1147 1320 clericum
1170 1257 1364 1321 venerabilis
1389 1256 1501 1321 fratris

220 1366 323 1430 nostri
353 1363 553 1448 Blerneredi)
585 1363 769 1427 Prenestini
806 1362 965 1445 episcopi,
998 1362 1155 1427 hactenus
1187 1363 1351 1444 integrare
1380 1363 1500 1443 omisit,

221 1492 317 1553 quem
335 1470 412 1534 licet
430 1469 523 1535 nobis
542 1469 726 1534 tacentibus
745 1469 908 1550 integrare
928 1468 1085 1551 debuerit,
1113 1476 1226 1535 contra
1248 1469 1502 1552 prohibitionem

219 1582 366 1643 nostram
394 1576 562 1640 dimidium
590 1575 670 1640 facit
696 1596 799 1657 usque
827 1573 923 1640 hodie
945 1558 1129 1658 remanere,
1162 1576 1328 1660 preferens
1350 1575 1401 1639 illi
1425 1597 1503 1659 pue-

220 1688 320 1764 rumss,
341 1704 438 1764 quem
457 1683 593 1748 scientia
612 1687 645 1746 et
663 1681 818 1764 temporis
838 1676 1041 1746 ordinatione
1061 1683 1215 1766 precedit.
1256 1682 1296 1746 In
1315 1704 1381 1766 quo
1400 1684 1503 1747 mani-

220 1790 302 1854 feste
336 1789 432 1853 datur
464 1789 615 1871 intelligi,
650 1787 736 1871 quod
765 1789 799 1850 in
823 1788 1063 1871 dispensatione
1092 1789 1155 1855 sibi
1187 1788 1312 1854 credita
1340 1810 1407 1854 non
1430 1809 1502 1853 eam

220 1902 309 1961 tenet
337 1895 554 1977 diligentiam,
588 1916 686 1977 quam
710 1894 851 1958 deberet.
900 1892 984 1975 Quia
1013 1895 1114 1976 igitur
1136 1896 1245 1979 plures
1269 1896 1353 1959 sicut
1377 1896 1503 1978 accepi-

220 2025 292 2067 mus
315 2001 478 2085 prebende
511 2002 544 2064 in
567 2002 633 2064 iam
662 2001 749 2065 dicta
773 2001 910 2064 ecclesia
933 2008 1060 2082 vacant,
1090 2023 1149 2067 nos
1173 2000 1391 2082 attendentes
1416 2002 1504 2084 quod

127 2176 130 2183 ,
219 2115 347 2193 tempus
371 2109 551 2191 prescripto
573 2107 799 2189 integrationis
823 2106 963 2189 advenit,
988 2106 1267 2173 fraternitatibus
1290 2129 1349 2191 per
1373 2114 1504 2191 aposto-

220 2217 283 2281 lica
307 2215 429 2298 scripta
452 2213 642 2278 mandamus
663 2219 761 2295 atque
784 2214 990 2297 precipimus,
1016 2215 1170 2296 quatinus
1193 2214 1356 2298 prefatum
1380 2214 1503 2297 episco-

220 2345 298 2406 pum
322 2326 476 2404 exparte
500 2326 612 2386 nostra
640 2340 858 2401 commoneaS,
888 2327 925 2383 ut
952 2342 1050 2384 unam
1079 2321 1299 2404 predictarum
1322 2321 1503 2405 prebenda-

220 2450 292 2492 rum
316 2426 611 2511 p1·efatoH(erveo)
633 2425 685 2489 vel
708 2426 759 2489 cui
778 2426 848 2508 ipse
867 2427 1070 2491 mandaverit
1089 2428 1218 2492 nomine
1236 2428 1338 2511 ipsius
1359 2428 1506 2509 assignet

220 2535 271 2598 vel
294 2535 363 2598 eius
388 2533 555 2596 dimidiam
587 2554 651 2597 non
684 2531 813 2596 differat
841 2532 880 2597 de
909 2555 974 2598 una
1001 2535 1146 2617 ipsarum
1170 2533 1306 2597 dimidia
1328 2534 1503 2615 integrare.

221 2640 372 2706 Ceterum
396 2641 424 2702 si
446 2639 533 2702 idem
557 2639 770 2703 commonitus
795 2641 1003 2721 acquiescere
1022 2639 1105 2705 forte
1129 2639 1285 2722 noluerit,
1308 2645 1346 2703 tu
1369 2640 1504 2704 manda-

221 2754 290 2811 tum
323 2745 551 2829 apostolicum,
585 2766 657 2809 non
683 2743 833 2809 obstante
865 2747 1071 2831 concessione
1104 2746 1155 2810 vel
1187 2745 1361 2811 donatione
1389 2752 1505 2811 contra

220 2852 472 2937 prohibitionem
496 2857 641 2917 nostram
665 2851 816 2932 cuiquam
839 2851 941 2934 iacta,
969 2853 1164 2917 auctoritate
1192 2852 1372 2936 apostolica
1390 2851 1506 2932 fretuS,

221 2957 349 3023 sublato
383 2957 611 3041 appellationis
645 2957 827 3038 obstaculo,
862 2959 1048 3041 exequaris,
1082 2958 1204 3023 decano
1233 2965 1266 3023 et
1294 2958 1438 3042 capitulo
1466 2979 1507 3022 ex

220 3070 313 3147 parte
336 3071 449 3130 nostra
472 3065 668 3148 precipiens,
692 3068 738 3144 ut,
764 3064 851 3145 quod
874 3066 1069 3129 auctoritate
1094 3065 1273 3148 apostolica
1296 3064 1421 3145 feceris,
1446 3065 1505 3128 ha-

220 3171 320 3235 beant
342 3177 450 3235 ratum
478 3177 525 3252 et,
555 3169 675 3233 nullius
700 3170 954 3236 contradictione
978 3171 1028 3235 vel
1052 3171 1269 3254 appellatione
1291 3170 1502 3254 impediente,

221 3277 401 3342 observent.
449 3276 534 3342 Sane
557 3270 721 3357 nolumus,
756 3277 842 3358 quod
871 3277 1054 3360 aliquarum
1082 3277 1265 3342 litterarum
1289 3277 1440 3359 obtentu,
1474 3279 1503 3342 si

222 3404 284 3466 que
308 3389 384 3447 sunt
406 3375 456 3448 vel
479 3383 612 3464 fuerint,
636 3381 752 3447 harum
775 3389 887 3448 tenore
906 3385 1017 3465 tacito,
1043 3385 1226 3467 impetrate,
1251 3390 1308 3447 aut
1331 3386 1503 3449 occasione

221 3490 326 3553 nuntii
355 3491 421 3554 iarn
454 3490 532 3553 dicti
555 3491 712 3573 episcopi,
746 3492 802 3573 qui
834 3490 921 3574 apud
949 3512 1008 3555 nos
1036 3496 1197 3571 moratur,
1230 3489 1377 3555 mandati
1404 3491 1504 3555 huius

222 3597 367 3661 executio
391 3602 614 3680 postponatur.

221 3777 307 3843 323.
330 3780 494 3838 Aiemumder
515 3780 567 3837 III
585 3780 715 3856 episeopo
738 3779 880 3839 Meldensi
902 3780 1010 3837 iterum
1033 3779 1199 3855 iterumque
1219 3780 1353 3853 oriumdui,
1376 3787 1411 3839 id
1428 3781 1505 3839 Iler-

331 3905 381 3944 mo
399 3886 538 3944 eonomine
561 3887 706 3962 intumum
729 3887 865 3962 quoois
888 3885 921 3943 de
945 3884 1079 3944 Oruimio
1098 3904 1193 3961 iamper
1214 3886 1344 3959 desumti
1359 3888 1504 3962 macheu-

332 3993 402 4051 dum
425 3992 553 4067 assumi
578 3993 621 4051 uei
648 3994 806 4052 dimidium
829 3992 893 4050 eius
920 3992 1037 4050 luridam
1064 3992 1201 4066 integret·
1232 3992 1367 4068 alioquin
1393 3996 1504 4069 episeo-

327 4117 404 4172 pmm
431 4099 594 4157 bedensem
615 4101 792 4159 mundatum
810 4116 902 4157 mum
924 4098 1116 4172 impleturum
1139 4116 1209 4170 esse,
1233 4099 1340 4158 scribit.

545 4199 612 4271 Reg.
631 4201 712 4256 Alex.
731 4200 829 4270 fragm.
848 4216 891 4270 ep.
911 4199 953 4265 21,
972 4198 989 4252 l.
1009 4198 1027 4252 l.
1046 4197 1094 4253 fol.
1116 4201 1174 4253 115.

37 4336 202 4396 118011106,
310 4323 469 4387 Meldensi
493 4325 671 4407 episcopo.4
707 4323 935 4388 Verecundum
958 4322 1051 4387 nobis
1075 4327 1126 4386 est
1149 4322 1323 4388 admodum
1347 4329 1380 4387 et
1403 4324 1502 4389 mole-

313 4500 492 4555 ¹Matthaeo
578 4500 712 4556 ²Simon.
805 4500 923 4554 ³filium
942 4499 1042 4554 nobilis
1060 4499 1112 4552 viri
1131 4498 1165 4554 G.
1187 4501 1222 4554 de
1241 4500 1412 4566 Cheureuse,
1440 4501 1504 4555 side

222 4605 307 4659 supra
324 4606 365 4659 ep.
387 4590 438 4644 319
449 4607 488 4660 sq.
562 4591 573 4620 ⁴
593 4589 708 4645 Simoni.
