3098 5056
498 258 634 315 Euenum
651 271 688 313 111
706 272 872 315 maronae
887 259 940 313 201
1052 267 1053 272 ¹
1139 296 1144 303 .
1295 242 1357 305 105

75 417 158 485 riter
181 417 323 485 retinere
354 439 410 485 uos
434 417 609 499 eredimus,
639 418 720 503 quia
749 439 810 485 nos
836 418 1021 484 animarum
1050 423 1233 483 vestrarum
1260 417 1359 482 sslnti
1394 420 1479 480 1147

78 529 113 589 et
133 524 209 607 paci
233 529 363 591 vestrae
385 524 556 608 providere
579 524 723 592 volentes
747 524 939 607 dignitatem
962 524 1194 608 episcopalem,
1218 545 1317 607 quam
1337 545 1359 588 a
1376 509 1442 568 1¹1³·
1456 511 1506 572 13.

77 630 184 714 longis
217 635 307 698 retro
339 630 540 714 temporibus
572 629 774 714 perdiderat,
810 630 967 697 ecclesiae
997 635 1125 696 vestrae
1156 631 1359 696 restituimus

77 743 179 819 atque
202 735 424 804 venerabilem
446 735 581 804 eonem
598 742 747 804 nostrum
765 735 979 822 Alnselmum)
1000 736 1093 802 vobis
1114 736 1150 801 in
1174 736 1359 821 episcopum

77 842 220 911 Domino
240 847 372 911 sumere
395 843 686 923 consecravimus13
711 864 813 926 quem·
830 843 873 908 ad
896 848 1042 909 nostram
1065 843 1284 926 praesentiam
1305 863 1359 908 ve·

78 950 226 1017 aientem
248 955 387 1033 patema
408 949 547 1016 caritate
569 950 752 1033 recepimus
775 955 808 1016 et
831 971 905 1015 cum
928 949 1032 1032 gloria
1055 949 1359 1032 sedisapostolicae

78 1063 112 1124 et
133 1057 322 1125 litterarum
343 1061 531 1124 nostrarum
553 1057 781 1139 prosecutione
805 1055 847 1121 ad
860 1055 1032 1122 ecclesiam
1047 1076 1140 1122 suam
1153 1055 1358 1121 remittimus.

77 1162 226 1246 ideoque
249 1183 318 1249 per,
331 1161 511 1246 apostolica
532 1163 657 1246 scripta
675 1163 880 1229 universitati
898 1167 1027 1227 vestrae
1044 1160 1236 1227 mandamus
1260 1167 1360 1244 atque
1432 1181 1434 1185 ’

78 1270 311 1354 praecipimus,
330 1273 492 1351 quatenus
510 1268 618 1351 ipsum
636 1268 775 1350 benigne
798 1268 974 1352 recipiatis,
1001 1268 1145 1350 diligetis
1169 1272 1202 1333 et
1224 1267 1359 1333 honore·

77 1377 120 1443 tis
143 1377 243 1459 eique
265 1381 434 1458 tamquam
452 1374 583 1457 proprie
602 1375 727 1458 pastori
745 1379 779 1441 et
796 1376 980 1441 animarum
1003 1379 1185 1441 vestrarum
1209 1373 1359 1457 episeopo

79 1482 300 1551 obedientiam
332 1485 366 1548 et
397 1482 613 1560 reverentiam
644 1481 811 1548 humiliter
840 1480 1008 1548 deferatis.
1054 1480 1097 1547 ln
1128 1479 1358 1563 recuperandis

79 1609 211 1671 quoque
234 1593 269 1652 et
297 1587 506 1653 restituendis
534 1588 628 1653 bonis
651 1587 865 1653 Tornacensis
893 1588 1049 1654 ecclesiae
1080 1587 1194 1653 matris
1221 1591 1358 1667 vestrae,
1450 1656 1453 1659 Α
1525 1608 1527 1614 ·

79 1715 164 1776 qnae
189 1715 211 1758 a
237 1694 334 1776 longo
361 1699 507 1777 tempore
534 1694 654 1778 injuste
685 1694 828 1758 alienate.
861 1701 936 1758 sunt
963 1700 995 1758 et
1022 1693 1135 1758 illicite
1163 1693 1358 1773 detinentur,

80 1801 125 1865 sic
159 1821 235 1864 eum
268 1800 405 1864 viriliter
436 1800 611 1884 adjuvetis,
644 1821 685 1865 ne
717 1800 924 1866 liberalitatis
956 1801 1007 1865 vel
1035 1799 1245 1884 benignitatis
1273 1792 1358 1864 sedis

79 1905 283 1992 apostolicae
305 1906 397 1972 vobis
421 1905 584 1972 exhibitae
603 1907 807 1972 immemores
825 1907 876 1972 vel
895 1908 1014 1992 ingrati
1034 1905 1229 1990 appareatis.
1270 1903 1360 1969 Data

76 2012 216 2078 Meldis·
237 2010 352 2077 Idibus
374 2011 471 2078 Iunii.

613 2142 826 2151 ——-—-—-

76 2264 163 2332 201.
193 2266 347 2343 &manias
373 2265 424 2327 III
449 2265 571 2343 Hcponc'
600 2267 812 2346 archiepiscopo
844 2266 1050 2343 Rotomapease'
1076 2265 1211 2340 mandat,
1242 2270 1358 2324 moneat
1436 2339 1438 2345 Ι

192 2372 354 2432 Ricardum
367 2377 393 2432 et
407 2372 580 2447 Heracleam,
603 2373 713 2433 milites
735 2374 844 2450 templi,
863 2380 897 2433 nt
918 2373 1021 2432 sillone
1038 2371 1218 2446 „Reimberti
1235 2371 1357 2438 11111111(ί

192 2497 211 2537 a
243 2478 385 2537 Willelmo
410 2480 520 2540 <cernite
548 2480 742 2540 Ponticorum
778 2486 922 2557 occeptum
951 2480 1096 2559 fratribus
1128 2477 1358 2538 llooraeaec'bus

191 2585 312 2644 reddeat
347 2591 400 2644 out
439 2605 508 2644 cala
540 2587 582 2646 ec's
614 2588 778 2664 traasiqont
817 2593 869 2646 cal
900 2587 1023 2665 dentque
1055 2587 1093 2645 ad
1123 2605 1183 2646 sese
1217 2585 1356 2644 accedam.

192 2691 345 2769 Praecepit,
369 2697 403 2750 ut
425 2710 444 2750 a
468 2692 611 2752 Willelmo
630 2693 663 2752 de
680 2693 869 2753 dloarctonc'o
886 2693 1039 2770 famulans
1057 2693 1230 2752 monostemi
1248 2692 1358 2768 injccste

192 2803 310 2874 captura
332 2797 444 2857 dimitti
466 2804 551 2859 caret.

213 2916 285 2975 Bibt
304 2923 362 2973 nat.
381 2917 467 2975 Paris.
488 2917 613 2975 Chertul.
632 2918 803 2975 Troarnense
821 2935 890 2976 saec.
909 2931 970 2974 xm
988 2935 1031 2973 em
1050 2918 1094 2974 vel
1112 2931 1170 2974 xlv
1185 2918 1225 2974 in.

533 3023 584 3063 ms.
602 3005 651 3060 lat.
673 3006 759 3062 10086
777 3006 823 3061 fol.
845 3008 903 3060 113.

166 3147 334 3230 Eugenius
376 3148 546 3231 episeopus
588 3169 700 3214 servus
740 3170 908 3215 servorum
942 3148 1006 3213 Dei
1041 3147 1219 3214 venerabili
1263 3147 1356 3213 fratri
1377 3150 1471 3209 1147.

77 3253 234 3338 Hlugoni)
256 3253 491 3336 Rotomagensi
518 3253 761 3338 archiepiscopo
790 3255 928 3322 salutem
956 3259 989 3320 et
1019 3254 1232 3338 apostolicam
1259 3254 1355 3319 bene-

77 3359 265 3427 dictionem.
311 3359 446 3428 Ricardi
468 3359 682 3426 Troarnensis
706 3361 835 3428 abbatis
860 3368 893 3427 et
915 3361 1053 3427 fratrum
1077 3382 1209 3427 suorum
1231 3360 1274 3427 ad
1297 3382 1355 3426 nos

79 3466 215 3548 querela
232 3467 389 3550 pervenit,
411 3465 501 3549 quod
519 3465 703 3533 Willelmus
726 3489 833 3534 comes
852 3468 1063 3535 Pontivorum
1081 3467 1202 3549 villam,
1227 3487 1290 3549 que
1309 3467 1355 3531 di-

79 3572 164 3639 citur
187 3571 368 3641 Reimberti
391 3573 508 3654 minus,
532 3594 594 3655 que
617 3574 697 3640 iuris
719 3574 855 3642 ecclesie
879 3596 936 3642 sue
960 3575 1044 3639 siout
1066 3575 1186 3641 asserit
1214 3594 1285 3641 esse
1309 3573 1355 3637 di-

78 3677 225 3744 noscitur
185 3678 323 3758 111111
349 3679 507 3747 violenter
536 3679 721 3761 abstulerit,
750 3702 848 3762 quam
871 3702 929 3764 per
952 3703 1083 3748 manum
1106 3681 1208 3765 ipsius
1235 3679 1320 3746 milit
1306 3686 1355 3744 tes

79 3783 193 3868 templi
216 3783 434 3853 Ricarduset
455 3786 628 3867 Heminae,
650 3787 699 3853 eis
722 3787 976 3854 reclamantibus
996 3793 1029 3853 et
1047 3791 1122 3855 cont
1108 3787 1271 3854 tradicent
1271 3785 1354 3866 ibus,

78 3895 306 3980 respersae
330 3898 502 3974 praeterea
524 3892 565 3961 de
584 3893 748 3959 Willelmo
773 3893 812 3959 de
835 3893 1034 3960 Mauritania
1057 3915 1188 3976 gravem
1212 3899 1245 3961 et
1268 3893 1355 3960 dete·

79 3996 231 4064 stabilem
262 3997 415 4065 iniuriam
446 3999 510 4064 sibi
542 4005 575 4063 et
607 3999 740 4066 ecclesie
768 4018 826 4065 sue
852 3998 1080 4066 nichilominus
1105 3991 1255 4066 intulisse
1279 4020 1354 4081 que-
1477 3986 1480 3993 ’

78 4109 204 4170 ruatur.
241 4101 415 4175 Faustulum
437 4104 598 4187 siquidem
618 4105 761 4173 eiusdem
783 4104 930 4187 ecclesie,
954 4106 1038 4172 siout
1060 4106 1094 4169 in
1118 4126 1228 4172 eorum
1250 4125 1354 4171 asser-

77 4210 167 4278 tione
191 4210 354 4292 censistit,
378 4212 550 4278 monastici
573 4212 695 4278 ordinis
718 4212 904 4279 reverencia
926 4217 960 4277 et
982 4211 1113 4278 Domini
1140 4212 1256 4278 timore
1277 4232 1354 4278 cen·

77 4376 79 4381 ,
164 4390 276 4442 *Meldi
291 4393 344 4440 o.od

167 4493 250 4549 1Die
269 4494 304 4549 10
320 4493 405 4548 Mart.
443 4493 484 4549 Of.
504 4511 588 4565 supra
606 4494 753 4566 epistolam
773 4497 832 4550 194.
922 4495 993 4549 'De
1014 4495 1066 4549 hac
1088 4494 1273 4550 controversia
1290 4493 1354 4549 vide

32 4549 254 4650 documenta,
272 4599 343 4654 quae
361 4581 461 4640 edidi
453 4600 484 4639 ia
502 4581 635 4640 Archives
654 4583 689 4638 de
706 4582 824 4638 lOrient
842 4583 911 4640 latin
929 4583 969 4639 11
989 4584 1091 4653 251sq.
