3098 5056
423 241 607 296 Connasrnvr
625 258 662 297 111
680 257 848 299 nrrsronan
865 245 926 300 420.
945 245 997 299 421
1283 232 1346 294 263

70 401 179 466 debita
201 402 442 484 tranquillitate
465 410 691 486 permaneant,
721 426 804 486 quae
828 427 892 470 non
915 411 1052 488 possunt
1075 406 1198 489 absque
1222 407 1345 471 anima·
1375 406 1459 464 1196

71 531 139 573 rum
162 508 307 591 periculo
331 508 372 572 ab
391 508 555 590 aliquibus
574 511 736 593 occupari,
761 511 948 578 discretioni
965 518 1072 577 vestre
1090 533 1149 595 per
1167 514 1346 595 apostolica
1362 495 1428 553 Iun·
1442 495 1469 554 3·

74 617 190 699 scripta
214 615 417 695 mandamus
442 617 595 697 quatinus
618 618 767 700 partibus
795 620 979 684 convocatis
1009 619 1150 684 audiatis
1173 618 1345 683 hincinde

73 723 236 805 proposita
260 727 293 785 et
316 743 448 786 causam
470 723 556 786 inter
579 744 634 787 eos
654 725 872 808 appellatione
891 731 1017 790 remota
1035 726 1198 790 mediante
1224 727 1349 790 iustitia

28 880 30 885 .
75 830 258 895 terminetis.
307 826 401 909 Quod
425 829 452 891 si
477 850 587 894 omnes
615 829 677 894 hiis
708 833 905 915 exequendis
929 833 1158 916 nequiveritis⁰
1180 834 1348 914 interesse,

76 936 130 1001 duo
154 942 299 1001 vestrum
322 957 362 1000 ea
385 935 612 1002 nichilominus
636 944 847 1022 exequantur.
885 939 1008 1004 Datum
1027 938 1184 1004 Laterani
1198 938 1252 1003 HI
1265 937 1347 1003 Non.

75 1042 150 1126 lun,
174 1042 385 1126 pontificatus
409 1043 512 1107 nostri
536 1065 620 1110 anno
645 1051 745 1111 sexto.

74 1335 160 1401 420.
190 1334 443 1395 contestamur
459 1335 605 1411 fratribus
631 1337 660 1395 S.
684 1337 786 1396 Orncis
804 1338 1071 1414 Bardepolensibas
1093 1336 1231 1410 indalyet,
1255 1353 1292 1393 nc
1313 1335 1349 1393 in

179 1443 396 1502 monasterinm
417 1442 561 1517 recepiant
583 1443 648 1502 nisi
670 1462 727 1517 eos,
752 1445 805 1521 qni
828 1445 995 1504 litterarum
1017 1444 1141 1503 scientio
1163 1443 1206 1501 ool
1228 1460 1349 1500 moroan

179 1550 326 1609 honestato
349 1551 600 1609 commendantur.

300 1651 372 1706 Bibl.
391 1658 448 1706 nat.
467 1650 553 1706 Paris,
572 1668 623 1706 ms.
642 1651 690 1706 lat.
712 1654 806 1707 12771.
836 1652 882 1707 fol.
902 1653 962 1707 223.
991 1671 1011 1708 s.
1032 1666 1111 1707 xvn.

158 1811 359 1879 Coelestinus
383 1815 552 1898 episcopus
577 1836 688 1879 servus
708 1835 873 1879 servorum
891 1814 954 1878 Dei
973 1814 1100 1878 dilectis
1119 1812 1194 1876 filiis
1214 1811 1348 1875 abbati1
1390 1822 1475 1880 1196

76 1927 105 1984 et
127 1923 298 1986 conventui
329 1927 461 1985 sanctae
485 1919 596 1985 Crucis
619 1920 870 2003 Burdogalensis
902 1922 1040 1986 salutem
1072 1928 1105 1984 et
1135 1918 1348 2002 apostolicam
1366 1912 1445 1987 Seli·
1459 1912 1510 1972 12·

75 2027 336 2093 benedictionem.
384 2027 464 2091 Cum
489 2028 624 2092 anobis
652 2029 784 2111 petitur,
809 2028 896 2111 quod
919 2050 939 2092 a
961 2028 1106 2091 iustitiae
1130 2027 1261 2090 tramite
1283 2047 1348 2089 non

76 2133 235 2200 discordat
259 2141 291 2199 et
314 2134 438 2217 aliquid
462 2135 606 2199 continet
628 2136 820 2216 honestatis,
845 2157 885 2199 cx
907 2135 1052 2208 iniuncto
1076 2133 1169 2199 nobis
1187 2132 1348 2215 apostola-

76 2245 124 2304 tus
147 2241 252 2307 cfficio
285 2247 318 2306 et
350 2241 438 2306 omni
471 2240 639 2323 diligentia
670 2241 751 2305 illud
779 2248 927 2306 tenemur
955 2242 1118 2323 suscipere
1147 2246 1180 2304 et
1202 2244 1350 2304 nostrum

76 2348 226 2428 praebere
250 2369 418 2413 assensum
446 2349 570 2430 pariter
597 2353 630 2411 et
657 2346 809 2413 favorem.
856 2348 908 2412 Ex
939 2349 1156 2412 insinuatione
1190 2345 1349 2429 siquidem

77 2459 186 2536 vestra,
212 2455 322 2519 dilecti
345 2456 379 2518 in
397 2455 538 2519 Domino
562 2453 629 2535 filii,
654 2456 774 2520 nostris
793 2454 855 2519 fuit
874 2455 1007 2520 auribus
1028 2454 1237 2533 declaratum,
1262 2451 1349 2535 quod

80 2560 202 2640 quidam
234 2561 355 2626 idiotae
387 2567 420 2626 et
450 2584 514 2625 non
545 2560 688 2644 legitime
721 2563 790 2625 nati
818 2563 986 2628 occasione
1013 2562 1197 2625 litterarum
1226 2582 1245 2624 a
1273 2558 1349 2623 sede

80 2668 250 2749 apostolica
273 2669 522 2750 impetratarum
545 2667 785 2733 fraternitatem
808 2674 950 2733 vestram
977 2691 1042 2733 non
1066 2669 1134 2732 sine
1157 2688 1274 2755 magno
1299 2687 1349 2730 ec·

81 2773 187 2839 clesiae
215 2781 342 2839 vestrae
376 2774 545 2856 dispendio
577 2781 652 2839 sunt
684 2775 803 2858 adepti.
850 2774 1005 2840 Nolentes
1025 2774 1140 2858 igitur,
1173 2780 1211 2838 ut
1234 2772 1349 2838 exinde

81 2879 204 2946 abbatia
226 2887 334 2945 vestra
357 2881 493 2944 ulterius
517 2881 664 2963 patiatur
691 2881 895 2965 dispendium
923 2888 955 2947 et
977 2902 1162 2966 gravamen,
1187 2880 1349 2945 devotioni

79 2993 196 3053 vestrae
229 2989 405 3053 autoritate
439 2988 619 3070 apostolica
649 2988 798 3053 duximus
822 2989 1067 3071 indulgendum,
1096 3010 1136 3053 ne
1165 2987 1292 3070 aliquos
1316 2987 1350 3048 in

79 3096 268 3160 consortium
291 3100 435 3159 vestrum
455 3093 493 3158 de
512 3099 619 3158 cetero
643 3096 819 3178 recipiatis,
844 3096 907 3159 nisi
931 3117 1012 3178 quos
1035 3095 1187 3159 litteralis
1212 3087 1361 3158 scientia

78 3202 121 3266 vel
142 3224 270 3267 morum
292 3202 446 3266 honestas
465 3201 516 3265 vel
535 3201 711 3283 proborum
729 3203 872 3266 virorum
892 3203 999 3286 opinio
1018 3202 1171 3266 habuerit
1189 3220 1348 3264 commen-

77 3306 173 3374 datos.
216 3308 339 3395 Datum
356 3308 514 3373 Laterani
532 3306 567 3370 H
584 3307 634 3371 Id.
655 3306 755 3389 Sept,
779 3307 986 3391 pontificatus
1010 3309 1114 3374 nostri
1138 3329 1222 3372 anno
1247 3311 1347 3371 sexto.

72 3597 151 3662 421.
188 3598 367 3658 Goclcstinns
389 3599 441 3657 ΙΙΙ
467 3598 632 3657 Heoricam
661 3597 868 3671 inperatorem
897 3599 1037 3672 obsecrat,
1070 3605 1103 3657 ut
1130 3598 1211 3674 farae
1238 3597 1350 3654 Romae

180 3712 244 3764 orto
266 3706 452 3781 franconiam
475 3704 686 3765 transmittat.²

228 3806 301 3861 Bibl.
319 3813 376 3861 nat.
396 3806 483 3861 Paris.
502 3823 554 3860 ms.
572 3805 621 3860 lat.
641 3805 736 3859 16992.
755 3804 803 3859 fol.
823 3805 884 3860 249.
913 3805 1030 3876 Scripsit
1047 3805 1183 3860 Martene.

111 3967 262 4052 Epistola
285 3966 460 4032 Coelestini
482 3987 587 4049 papae
610 3964 664 4029 HI
687 3964 729 4029 ad
752 3964 950 4029 Henricumb
972 3965 1023 4030 Vc
1045 3966 1303 4048 imperatorem.⁰

158 4108 314 4174 Goelestis
338 4108 478 4173 altitudo
503 4108 629 4173 consilii
653 4107 722 4171 alta
745 4112 778 4170 et
795 4105 953 4171 ineffabili
971 4109 1093 4191 pietate
1112 4107 1264 4172 universa
1284 4105 1347 4169 dis·
1368 4121 1476 4180 1196,¹

66 4237 191 4299 ponens
219 4236 328 4279 rerum
354 4215 594 4280 vicissitudines
629 4236 696 4279 non
734 4214 802 4278 sine
830 4213 1042 4297 dispositione
1070 4218 1179 4278 certae
1211 4212 1346 4276 rationis

157 4402 170 4426 ⁸
187 4396 325 4459 nequeritis
343 4415 363 4445 c.
454 4390 467 4424 b
491 4399 565 4444 Verba
588 4394 723 4444 Coelestini
743 4403 764 4443 ct
782 4394 922 4443 Henricum
941 4397 1098 4456 sopercmpta
1115 4404 1181 4455 cnam
1203 4396 1271 4456 prino
1289 4395 1349 4441 enim

66 4492 145 4552 posita
163 4495 231 4534 eram
247 4488 330 4534 cerba:
348 4484 446 4534 Urbani
464 4495 485 4534 et
503 4483 668 4533 Fridericum.
752 4487 762 4511 ⁰
780 4487 887 4544 Sequitur
904 4486 930 4532 in
947 4485 1026 4532 codr'ce
1044 4486 1126 4532 lemnon
1143 4487 1202 4533 boc:
1220 4483 1302 4545 Rogat
1319 4484 1351 4530 ut

97 4624 100 4630 -
159 4589 321 4644 1Aruoldo.
395 4587 551 4659 ²Epistola
568 4587 636 4642 haec
653 4585 737 4640 nimis
755 4585 878 4641 scholam
897 4584 1009 4641 redolet.
1084 4585 1191 4641 ³nobis
1209 4586 1262 4640 VI.
