3098 5056
439 276 630 328 Anaxnxmu
647 286 685 326 111
707 288 874 328 sexsionas
892 276 942 328 237
1264 260 1323 322 131

54 437 156 500 tribus
182 436 304 501 nostris
335 436 495 518 episcopis
528 434 561 496 in
594 455 654 496 sua
686 435 810 498 iustitia
843 436 1009 498 existimus
1041 434 1202 499 debitores
1227 433 1503 498 616161157-59

55 544 199 625 cogimur
229 543 302 605 iura
334 563 393 605 sua
423 540 551 605 illibata
584 546 616 605 et
647 541 773 621 integra
797 561 995 605 conservare.
1041 540 1121 605 Inde
1144 543 1256 623 utique
1280 545 1330 604 est
1365 522 1486 581 111114·

54 648 139 730 quod
162 649 371 713 universitati
394 654 522 712 vestrae
552 669 610 730 666
639 646 817 729 apostolica
847 649 968 730 scripta
990 647 1217 730 praecipiendo
1240 668 1328 710 man·
1367 685 1370 691 ι

53 755 168 819 damus
194 760 228 818 et
250 754 434 842 mandando
458 754 684 837 praecipimus,
708 757 868 834 quatenus
893 753 1059 835 decimam,
1083 775 1181 836 quam
1204 754 1237 817 in
1260 758 1330 818 tota

52 861 213 943 Argentia
242 859 281 924 de
313 860 421 924 fundis
448 882 604 926 novarum
631 865 793 923 terrarum
820 861 1080 942 praesentialiter
1108 860 1330 925 laboratamm

52 972 109 1031 aut
132 967 347 1048 imposterum
369 966 640 1031 laborandarum⁸
663 966 856 1030 venerabilis
875 966 976 1031 frater
993 973 1103 1032 noster
1119 965 1329 1048 Raymundus
1419 962 1422 967 ”

52 1073 259 1137 Arelatensis
274 1073 536 1156 archiepiscopus
554 1073 587 1135 in
601 1073 831 1154 transactione,
851 1095 949 1155 quam
967 1073 1127 1137 fecitcum
1136 1072 1330 1155 fldephonso

53 1179 242 1245 Tholosano
266 1181 392 1261 comite,
427 1180 511 1244 sicut
532 1181 566 1243 in
595 1180 715 1261 scripto
747 1179 862 1243 exinde
885 1179 990 1244 factob
1018 1178 1331 1260 continetur1,sibi⁰

53 1287 200 1368 retinuit,
235 1287 264 1350 61
288 1287 375 1351 omni
398 1287 568 1351 occasione
593 1292 625 1350 et
649 1286 855 1351 excusatione
881 1287 1062 1368 postposita
1084 1285 1276 1369 persolvatis
1300 1290 1332 1348 et

53 1393 146 1456 nulla
169 1392 294 1456 ratione
318 1392 453 1457 eandem
487 1393 645 1456 decimam
676 1393 768 1456 vobis
799 1393 898 1457 invito
930 1392 1170 1475 archiepiscopo
1193 1391 1331 1454 retinere

54 1504 113 1563 aut
139 1497 304 1580 aliquibus
334 1499 480 1581 personis
510 1499 673 1564 exsolvere
704 1499 929 1581 praesumatis.
975 1499 1098 1563 Datum
1120 1497 1274 1562 Laterani
1297 1497 1332 1561 H

54 1604 134 1669 Idus
158 1605 248 1668 Maii.

57 1838 142 1905 237.
166 1840 329 1899 Anniae
351 1840 403 1899 ΗΙ
427 1841 650 1900 Catalannensis
672 1841 798 1917 episcopi
823 1840 956 1899 stndincn
979 1859 1044 1915 erpa
1066 1859 1096 1898 sc
1118 1846 1144 1899 et
1167 1841 1334 1899 Romanam

169 1946 317 2005 cmlcsiana
341 1947 447 2006 nudat.
494 1947 538 2005 De
561 1947 803 2022 appellationibus
829 1948 864 2005 in
890 1947 989 2004 conns
1016 1947 1149 2005 civilibus
1177 1946 1333 2022 respondet.

170 2053 206 2111 R.
234 2053 369 2112 canonici
399 2072 433 2112 cc
464 2053 579 2112 66616616
607 2053 750 2112 Omnian
775 2053 950 2112 Sanctorum
978 2053 1057 2111 eiecti
1083 2071 1204 2111 cansam
1231 2053 1258 2111 ei
1288 2053 1333 2111 de

170 2159 299 2218 morrdai.

165 2259 237 2313 Bibl.
252 2261 395 2315 facultatis
407 2260 561 2315 medicinae
569 2261 839 2331 Montispessulanae
851 2258 1229 2315 666.ἱ·1156.66616110866(ἰ

148 2419 336 2485 Alexander
373 2421 542 2503 episcopus
581 2441 691 2484 servus
730 2443 894 2485 servorum
926 2421 988 2485 Dei
1028 2418 1205 2483 venerabili
1241 2418 1334 2483 fratri
1361 2414 1445 2473 1160

58 2525 205 2611 B(osoni)
219 2524 447 2591 Catalaonensi
462 2527 612 2608 episcopo
632 2526 768 2591 salutem
788 2533 821 2591 et
839 2527 1049 2609 apostolicam
1067 2525 1332 2591 benedictionem.
1352 2504 1413 2562 Ian·
1426 2505 1454 2566 2·

59 2630 265 2698 Constitutus
289 2633 323 2696 in
346 2634 511 2716 presentia
534 2639 646 2698 nostra
668 2633 708 2696 R.
728 2633 812 2698 lator
835 2635 1033 2716 presentium
1057 2654 1116 2696 sua
1138 2632 1230 2697 nobis
1253 2633 1335 2697 rela-

57 2740 148 2804 tione
173 2740 331 2821 exposuit,
365 2739 465 2822 quod,
501 2761 573 2803 cum
601 2740 643 2803 ad
671 2740 780 2804 sedem
808 2740 1019 2822 apostolicam
1047 2761 1119 2803 cum
1146 2740 1211 2803 tuis
1233 2740 1336 2804 literis

59 2850 263 2928 properaret,
287 2845 320 2908 in
344 2843 461 2927 quibus
485 2867 549 2910 non
572 2846 733 2910 modicum
751 2846 856 2911 leticie
880 2846 919 2910 de
938 2847 1137 2929 promotione
1155 2851 1267 2910 nostra
1290 2845 1335 2908 di-

59 2951 145 3015 ceris
169 2950 341 3015 denotasse
362 2956 394 3015 et
412 2973 481 3032 nos,
506 2950 592 3032 quod
612 2951 651 3015 de
670 2951 941 3034 appellationibus
961 2953 1002 3016 sit
1020 2952 1203 3033 tenendum,
1223 2973 1336 3016 consu-

59 3058 173 3138 luisse,
193 3076 251 3138 per
262 3078 435 3138 pravorum
454 3057 640 3122 violentiam
659 3057 769 3122 eedem
787 3057 894 3122 littere
914 3058 1044 3122 fuerunt
1062 3058 1091 3121 ei
1110 3056 1232 3136 ablate;
1252 3057 1336 3121 unde
1423 3069 1425 3073 “

61 3186 121 3228 nos
145 3183 244 3245 super
268 3163 436 3228 devotione
465 3185 503 3227 ac
527 3163 603 3228 fidei
631 3164 827 3245 sinceritate,
856 3187 953 3246 quam
979 3166 1065 3228 circa
1087 3168 1224 3227 matrem
1246 3169 1336 3226 tuam

62 3270 247 3335 Romanam
271 3270 440 3334 ecclesiam
464 3275 497 3334 et
515 3291 687 3353 personam
710 3276 853 3335 nostram
871 3270 992 3335 habere
1012 3270 1196 3351 dinosceris
1220 3269 1254 3332 in
1271 3269 1336 3333 Do-

62 3377 151 3441 mino
176 3377 357 3440 exultamus
380 3383 531 3458 rogantes
556 3383 588 3441 et
610 3382 777 3442 monentes
801 3379 965 3458 attentius
990 3377 1142 3459 quatinus
1165 3377 1199 3438 in
1213 3377 1337 3439 unitate

64 3505 102 3546 ac
126 3481 285 3546 fidelitate
303 3482 450 3547 Romane
474 3483 607 3547 ecclesie
627 3504 665 3546 ac
684 3488 795 3548 nostra
813 3483 970 3549 immobili
993 3482 1146 3547 firmitate
1170 3483 1336 3547 consistas.

63 3589 131 3654 Nos
156 3589 242 3652 enim
265 3609 436 3671 personam
458 3594 550 3652 tuam
574 3589 699 3652 sincera
722 3590 755 3651 in
774 3588 912 3655 Domino
936 3591 1071 3654 caritate
1095 3589 1227 3671 diligere
1249 3588 1337 3653 volu-

64 3716 136 3758 mus
162 3700 195 3758 et
216 3697 249 3757 in
272 3696 337 3759 tuis
357 3695 455 3778 justis
482 3694 696 3777 peticionibus
725 3696 887 3761 exaudire.
934 3695 1038 3780 Super
1068 3695 1337 3779 appellationibus

64 3808 176 3865 autem
193 3800 323 3865 illarum
341 3823 521 3881 causarum,
547 3822 609 3884 que
628 3802 712 3865 inter
730 3802 830 3866 laicas
851 3824 1008 3885 personas
1022 3807 1200 3883 vertuntur,
1224 3801 1337 3865 frater-

64 3909 203 3972 nitatem
234 3913 324 3972 tuam
357 3909 390 3970 in
420 3907 506 3971 hunc
537 3907 667 3971 modum
691 3907 839 3972 duximus
867 3909 1100 3990 instruendam,
1128 3907 1277 3972 videlicet
1303 3914 1339 3969 ut

65 4038 130 4080 non
155 4014 252 4078 liceat
275 3999 422 4078 civilibus
446 4015 592 4096 personis
625 4015 659 4077 16
691 4036 790 4079 causa
822 4016 908 4078 civili
936 4021 1011 4079 ante
1041 4014 1338 4098 pronuntiacionem

67 4121 231 4185 sentencie
249 4120 283 4183 in
301 4141 411 4184 vocem
429 4120 657 4203 appellationis
677 4142 894 4205 prorumpere.
923 4122 1029 4203 Aqua
1043 4121 1166 4185 scilicet
1180 4120 1339 4184 sententia

66 4227 118 4292 vel
141 4232 315 4310 postquam
339 4227 366 4289 si
389 4226 471 4290 forte
495 4226 580 4290 infra
598 4226 632 4290 X
655 4227 723 4292 dies
747 4227 845 4292 fuerit
863 4228 1061 4311 appellatum
1084 4232 1116 4291 et
1138 4225 1222 4289 infra
1244 4226 1338 4288 unius

157 4411 170 4434 ⁸
187 4410 221 4456 sic
237 4417 296 4456 recte
316 4409 344 4466 13
363 4407 527 4470 personaliter
544 4407 714 4456 laboratamm
734 4411 778 4456 aut
796 4409 990 4458 laborandamm
1010 4411 1033 4458 2.
1097 4405 1161 4455 boio
1172 4409 1199 4465 2;
1218 4407 1245 4454 in
1264 4406 1338 4468 scrip-

68 4498 99 4546 tis
117 4496 171 4546 suis
192 4498 214 4546 1.
287 4499 297 4524 ⁰
315 4496 380 4544 sicut
393 4513 517 4558 perperam
534 4500 560 4544 in
577 4495 600 4547 1.
673 4491 686 4523 ‘¹
705 4501 768 4546 Mihi
783 4501 845 4546 misit
861 4501 890 4547 L.
909 4501 996 4546 Delnle
1013 4501 1050 4546 cir
1066 4499 1101 4546 iil.

159 4601 169 4631 ¹
189 4599 410 4654 Instrumentum
428 4598 492 4653 vide
509 4598 539 4652 in
558 4598 630 4653 Gall.
651 4599 750 4654 Christ.
770 4600 793 4654 I.
812 4600 895 4654 lustr.
915 4601 956 4655 97.

1095 4687 1129 4742 9*
