3098 5056
492 277 582 332 Lucu
600 290 638 330 111
656 288 823 331 0010000111
842 277 893 331 369
1060 269 1068 288 ‘
1269 264 1332 325 223

54 436 128 501 filiis
154 435 319 520 prioribus
353 444 386 501 et
414 437 613 520 presbyteris
645 437 679 499 in
711 437 876 519 provincia
899 436 1102 501 Narbonensi
1135 439 1509 520 oonstitntis,1184-85

53 544 93 608 ad
116 565 199 624 quos
223 542 355 608 litterae
386 544 470 609 istae
502 544 721 626 pervenerint,
755 543 894 607 salntem
927 548 959 606 et
991 544 1205 626 apostolicam
1236 545 1331 609 bene·
1359 529 1503 604 sepi-1⁰·

54 651 239 715 dictionem.
287 649 463 732 Conquesti
486 655 562 714 sunt
584 649 678 714 nobis
702 649 812 713 dilecti
835 648 894 712 filii
913 651 1017 714 nostri
1035 650 1137 714 abbas
1158 657 1191 715 et
1213 650 1331 716 fratres

51 757 155 821 Vallis
180 777 318 839 magnae
343 763 375 821 et
398 757 455 821 alii
477 757 594 820 fratres
623 755 769 820 eiusdem
797 755 918 820 ordinis
942 757 976 819 in
998 757 1114 820 vestris
1139 758 1332 840 episcopati-

52 864 113 929 bus
133 863 314 951 constituti,
339 863 439 946 quod,
464 885 538 927 cum
561 884 658 945 saepe
685 884 859 946 pravorum
881 862 1048 928 hominum
1075 863 1232 928 molestiis
1266 865 1332 946 agi-

52 976 179 1051 tentur,
209 977 368 1051 coguntur
398 970 562 1034 interdum
593 991 653 1052 pro
686 968 814 1032 defectu
845 970 991 1033 iustitiae
1021 969 1062 1033 ad
1094 969 1333 1053 recuperandas

53 1100 105 1143 100
129 1076 261 1142 ablatas
284 1077 425 1140 inaniter
453 1075 613 1140 laborare.
659 1075 726 1139 Nos
749 1075 849 1156 igitur
881 1081 913 1138 et
942 1075 1108 1140 laboribus
1141 1082 1174 1141 et
1206 1077 1332 1141 damnis

53 1207 165 1250 eorum
194 1182 339 1247 volentes
367 1203 544 1264 congruum
572 1182 726 1247 adhibere
759 1181 936 1247 remedium
969 1183 1174 1247 universitati
1205 1190 1334 1248 vestrae

53 1313 112 1375 per
135 1288 317 1373 apostolica
340 1290 461 1371 scripta
489 1289 680 1353 mandamus
705 1294 803 1371 atque
827 1289 1054 1372 praecipimus
1075 1290 1228 1371 quatinus
1251 1290 1333 1371 loca,

55 1398 198 1480 adquae
221 1395 462 1479 praedictorum
486 1396 624 1460 fratrum
642 1395 763 1479 praedo
788 1395 966 1475 devenerit,
1001 1417 1099 1477 quam
1123 1395 1179 1459 diu
1201 1396 1248 1461 ibi
1271 1417 1333 1477 res,

55 1525 137 1587 qnae
165 1503 230 1566 illis
262 1503 296 1564 in
328 1501 415 1566 furto
447 1503 577 1566 ablatae
606 1508 696 1583 sunt,
730 1502 930 1583 detinentur,
962 1502 1127 1566 interdicti
1155 1503 1335 1567 sententiae

57 1609 247 1694 subponatis
266 1629 326 1672 000
344 1609 542 1691 permittatis
561 1611 594 1672 in
619 1610 664 1674 eis
680 1609 746 1672 ulla
762 1608 870 1671 divina
888 1606 995 1673 officia
1018 1614 1149 1691 praeter
1171 1609 1335 1692 baptisma

57 1724 87 1782 et
112 1715 333 1800 poenitentias
362 1714 528 1779 celebrari.
576 1716 641 1781 Eos
665 1737 751 1797 vero,
785 1735 866 1797 quos
898 1714 931 1776 in
964 1714 1090 1797 aliquos
1116 1715 1155 1780 de
1179 1715 1335 1779 fratribus

56 1826 133 1907 ipsis
158 1822 318 1887 violentas
341 1843 456 1886 manus
480 1822 630 1904 injecisse
655 1822 848 1901 constiterit,
873 1826 941 1883 tam
967 1819 1022 1884 diu
1042 1823 1335 1886 excommunicatos

57 1930 185 2012 publice
213 1929 379 2010 nuntietis,
409 1928 510 1993 donec
533 1934 566 1993 et
588 1929 741 1992 iniuriam
769 1929 874 2011 passis
903 1948 1042 2008 congrue
1072 1927 1276 1991 satisfaciant
1303 1934 1336 1991 et

58 2058 130 2100 cum
153 2042 337 2099 vestrarum
360 2035 545 2099 testimonio
569 2034 753 2099 litterarum
778 2032 820 2097 ad
840 2032 949 2097 sedem
968 2035 1183 2116 apostolicam
1205 2034 1337 2098 veniant

56 2142 256 2207 absolvendi.
294 2141 508 2206 Prohibemus
531 2142 674 2223 insuper,
699 2148 736 2204 ut
759 2139 934 2205 monachos
953 2141 1004 2204 vel
1024 2162 1195 2206 conversos
1215 2162 1335 2221 eorum,

55 2250 109 2332 qui
129 2254 207 2332 post
230 2247 350 2312 factam
376 2247 608 2331 professionem
637 2269 656 2311 a
683 2247 890 2312 monasteriis
915 2248 982 2311 suis
1007 2249 1154 2329 exierint,
1178 2247 1212 2310 in
1236 2247 1336 2310 eccle-

53 2356 110 2418 siis
145 2356 263 2419 vestris
295 2355 395 2437 recipi
424 2376 489 2418 non
518 2354 632 2417 sinatis
655 2375 715 2418 neo
739 2353 842 2416 ullum
872 2356 1045 2436 praestetis
1074 2353 1336 2438 apostatantibus

54 2483 73 2525 a
95 2461 255 2543 religione
283 2461 439 2542 favorem,
474 2482 537 2542 quo
564 2460 615 2524 vel
642 2461 823 2524 monastiea
851 2459 1023 2543 disciplina
1054 2460 1258 2543 dispendium
1280 2481 1336 2542 pa-

53 2569 158 2632 tiatur
182 2567 233 2631 vel
255 2568 318 2650 ipsi
345 2567 444 2631 iidem
467 2567 506 2630 de
530 2568 734 2632 conniventia
761 2572 869 2630 vestra
893 2567 926 2629 10
955 2588 1086 2630 suarum
1116 2567 1260 2649 periculo
1287 2588 1336 2631 re-

54 2678 211 2738 maneant
241 2673 432 2737 animarum.
479 2673 601 2738 Datum
624 2672 774 2738 Veronae
798 2671 847 2736 IV
869 2672 918 2736 ld.
944 2671 1154 2756 Septembris

52 2907 145 2973 369.
168 2909 284 2968 1010100
307 2909 358 2967 ΠΙ
374 2910 409 2968 io
431 2911 620 2969 raoaostcrto‘
637 2908 837 2969 (1100001000
868 2908 986 2967 clericos
1017 2910 1061 2967 ool
1088 2909 1178 2968 laicos
1206 2909 1244 2968 od
1270 2927 1337 2968 ooo·

98 3033 101 3036 ·
168 3017 333 3075 001010000
355 3017 445 3091 recepi
463 3017 617 3091 permittit.

236 3134 307 3189 Bibl.
326 3141 382 3189 nat.
401 3135 486 3189 Paris.
506 3152 557 3189 ms.
577 3134 626 3189 lat.
646 3134 741 3188 12773.
760 3133 807 3188 fol.
829 3135 889 3189 159.
913 3150 972 3204 cop.
993 3149 1016 3187 c.
1036 3150 1060 3187 a.
1081 3133 1156 3188 1681.

145 3274 267 3340 Lucius
292 3279 460 3360 episcopus
493 3298 603 3342 servus
637 3297 802 3341 servorum
825 3277 888 3340 Dei
916 3275 1041 3340 dilectis
1069 3273 1145 3339 filiis
1169 3275 1283 3340 abbati
1306 3281 1478 3361 et1184-;

57 3382 215 3447 fratribus
239 3383 279 3447 de
294 3382 461 3448 Gemondo
486 3384 624 3448 salutem
644 3389 677 3446 et
695 3382 909 3466 apostolicam
927 3381 1195 3447 benedictionem.
1229 3382 1336 3447 Hone-
1365 3379 1464 3454 Sept?

56 3495 178 3553 statem
202 3510 240 3552 ac
263 3490 452 3571 religionem
476 3490 589 3555 domus
612 3495 753 3571 vestrae,
783 3509 865 3571 quae
894 3488 953 3552 sub
978 3488 1128 3553 Cistercii
1156 3489 1338 3553 continetur
1471 3484 1472 3489 ’

56 3596 228 3676 1001110110,
252 3597 326 3678 piae
350 3596 560 3678 benignitatis
580 3596 874 3676 000110101000100,
898 3596 1110 3678 petitionibus
1134 3595 1251 3659 vestris
1275 3595 1337 3658 ole-

57 3708 186 3766 menter
210 3703 381 3766 annuimus
413 3710 446 3767 et
470 3725 539 3785 eas,
572 3704 606 3766 in
629 3708 787 3784 quantum
810 3702 955 3766 institiae
983 3702 1178 3766 rectitudine
1202 3700 1337 3765 fulciun-

58 3816 123 3890 tur,
148 3808 191 3871 ad
214 3809 294 3873 utile
318 3816 351 3896 et
375 3810 645 3893 complementum
667 3808 814 3872 hilatiter
839 3829 1073 3890 promovemus.
1120 3808 1171 3872 Ea
1194 3813 1337 3890 propter,

58 3914 169 3979 dilecti
193 3915 227 3978 in
249 3915 389 3981 Domino
412 3916 482 3998 filii,
506 3937 564 3999 per
587 3920 774 3998 praesentes
798 3914 1040 3995 vobislitteras
1063 3914 1277 3996 indulgemuS,
1302 3918 1338 3976 ut

58 4021 158 4085 liceat
179 4020 271 4086 vobis
295 4023 429 4087 elericos
452 4024 503 4088 vel
525 4023 626 4087 laicos
655 4043 672 4086 0
701 4021 831 4085 saeculo
854 4020 1013 4102 fugientes
1037 4020 1156 4085 liberos
1188 4026 1221 4084 et
1244 4020 1337 4086 abso-

57 4126 144 4192 lutos
169 4126 211 4191 ad
235 4131 475 4194 conversionem
500 4130 647 4212 accipere
671 4134 703 4192 et
726 4132 873 4209 receptos
898 4128 966 4191 sine
997 4126 1252 4191 contradictione
1280 4125 1337 4190 ali-

59 4255 124 4316 qua
147 4235 297 4299 retinere.
345 4234 476 4318 Siquis
500 4242 609 4300 autem
634 4234 672 4299 de
700 4234 765 4315 his,
799 4234 854 4316 qui
888 4254 921 4297 se
946 4233 1054 4298 domui
1082 4239 1209 4296 vestrae
1232 4232 1338 4296 reddi-

58 4339 178 4421 derint,
204 4340 368 4406 oonfessus
397 4342 507 4424 fuerit,
542 4364 576 4407 se
603 4363 662 4424 per
684 4340 858 4405 violentam
881 4361 1035 4403 manuum
1058 4340 1266 4404 iniectionem
1288 4338 1338 4402 vel

59 4469 118 4530 pro
143 4449 217 4530 igne
241 4449 389 4531 apposito
413 4449 572 4530 generalis
597 4447 777 4512 sententiae
801 4466 956 4510 canonem
983 4447 1171 4526 incurrisse,
1201 4445 1338 4509 liberam

147 4609 157 4638 ¹
176 4606 325 4662 Amedeus.
