3098 5056
459 273 624 326 Hrnmrm
642 286 676 327 1v
700 286 868 327 nrrsronas
886 272 937 328 229
1272 258 1334 319 125

63 434 173 499 eodem
205 452 284 515 rege
314 433 513 497 transmissis
545 433 579 495 in
611 438 724 497 nostra
754 432 918 515 presentia
941 433 1138 513 constitutis,
1166 433 1334 516 utiusque
1376 435 1460 496 1156
1509 463 1511 467 ’

60 541 160 623 partis
182 539 394 621 allegationes
413 537 594 602 audivimus
618 544 651 602 et
674 559 806 602 causam
829 539 934 622 ipsam
957 539 1138 603 curavimus
1161 537 1225 604 fine
1247 541 1334 622 paci·
1351 524 1487 599 A1³r·25·

59 645 116 712 fico
148 646 339 710 terminare.
386 642 471 726 Quia
503 665 579 710 vero
612 644 786 710 eorundem
818 646 1004 710 nuntiorum
1037 651 1150 727 aperta
1179 645 1336 710 relatione

58 753 283 835 eognovimus,
316 749 402 834 quod
433 751 466 813 in
498 750 636 815 eeclesia
661 756 771 816 vestra
797 752 873 816 talis
902 751 1099 816 consuetudo
1128 751 1170 815 ab
1193 753 1336 834 antiquis

56 859 260 943 temporibus
283 857 428 938 inolevit,
459 857 546 939 quod
569 857 745 922 decedente
767 859 800 921 in
824 858 962 923 eeclesia
984 862 1092 922 vestra
1113 863 1245 940 pastore
1267 864 1335 923 tres
1454 907 1457 914 .

56 965 209 1031 solebant
232 965 356 1049 pariter
376 962 550 1045 nominari,
579 985 716 1046 quorum
743 987 826 1029 unus
849 986 908 1048 per
929 964 1108 1048 principem
1135 970 1221 1029 terre
1244 966 1336 1029 iuxta

55 1073 124 1136 eius
159 1071 400 1153 beneplacitum
436 1070 603 1134 consuevit
640 1072 775 1153 assumi,
816 1093 888 1135 eum
920 1069 1104 1135 huiusmodi
1136 1071 1334 1137 consuetudo

54 1177 178 1243 rationi
201 1176 357 1261 probetur
378 1174 483 1240 modis
507 1176 656 1241 omnibus
681 1197 752 1242 esse
771 1177 934 1243 contraria
952 1183 985 1241 et
1008 1198 1028 1240 a
1050 1175 1154 1241 forma
1176 1177 1256 1242 iuris
1280 1198 1334 1262 pe·

53 1285 142 1348 nitus
169 1283 286 1364 aliena,
311 1303 383 1347 eam
405 1281 466 1346 sub
490 1281 707 1347 anathematis
730 1284 991 1348 interminatione
1020 1283 1059 1347 de
1087 1283 1248 1348 communi
1271 1283 1334 1348 fra·

54 1398 143 1455 trum
167 1394 352 1456 nostrorum
374 1387 508 1453 consilio
531 1389 729 1471 apostolicae
753 1390 838 1455 sedis
862 1390 1055 1454 auctoritate
1083 1389 1273 1454 damnamus
1302 1396 1335 1455 et

56 1499 163 1581 ipsam
185 1496 294 1560 nullas
317 1495 400 1559 vires
426 1494 572 1559 obtinere
594 1495 628 1558 in
646 1502 838 1578 perpetuum
857 1496 1075 1580 prohibemus.
1113 1495 1148 1561 Si
1167 1498 1239 1579 quis
1258 1519 1333 1563 vero

56 1604 168 1668 taliter
190 1602 289 1667 fuerit
302 1606 414 1666 eontra
429 1600 594 1665 decretum
607 1607 718 1666 nostre
732 1602 959 1685 prohibitionis
979 1604 1109 1685 electus,
1134 1605 1220 1668 omni
1238 1604 1333 1670 modo

56 1709 295 1791 interdicimus,
328 1714 365 1773 nt
396 1707 504 1772 nullus
537 1706 798 1791 archiepiscopus
831 1730 888 1773 seu
911 1711 1081 1793 episcopus
1114 1710 1145 1774 ei
1167 1717 1334 1793 presumat

57 1837 189 1880 manum
211 1816 376 1898 imponere
398 1813 449 1878 vel
473 1813 579 1896 ipsum
603 1814 722 1878 audeat
743 1815 777 1877 in
796 1815 981 1899 episcopum
1000 1837 1198 1881 consecrare.
1237 1815 1331 1898 Quod

57 1923 81 1986 si
104 1923 219 2005 aliqua
241 1922 339 1987 fuerit
360 1921 547 1985 temeritate
569 1925 803 2004 presumptum,
828 1928 1086 1987 consecratorem
1110 1929 1143 1986 et
1165 1943 1332 1987 conseera-

57 2036 123 2093 tum
147 2029 191 2094 ab
215 2029 303 2094 omni
324 2025 505 2112 pontificali
537 2025 642 2091 officio
675 2026 877 2092 decernimus
909 2034 1065 2111 perpetuo
1094 2028 1331 2112 deponendum;

58 2140 111 2218 qui
134 2156 212 2200 vero
236 2136 266 2199 ei
288 2141 455 2217 tamqnam
479 2132 629 2215 episcopo
652 2135 886 2217 presumpserit
909 2134 1054 2216 obedire,
1077 2135 1184 2217 ipsum
1208 2157 1332 2200 exeom-

57 2242 284 2307 municationis
315 2238 442 2304 vinculo
472 2239 644 2303 statuimus
671 2239 900 2304 innodandum.
947 2240 1035 2304 Nulli
1064 2262 1138 2323 ergo
1167 2242 1333 2306 hominum

56 2342 163 2414 liceat'
178 2347 265 2413 hane
294 2347 446 2432 paginam
470 2352 579 2410 nostre
604 2346 815 2410 institutionis
843 2345 1015 2429 infringere
1043 2346 1093 2411 vel
1122 2349 1151 2412 ei
1174 2349 1332 2430 aliquate-

56 2478 114 2520 nus
139 2454 313 2545 eontraire.
357 2452 393 2518 Si
416 2453 489 2535 quis
513 2458 622 2516 antem
644 2451 706 2516 hoe
730 2458 890 2516 attentare
913 2455 1155 2535 presumpserit,
1186 2454 1331 2537 indigna-

56 2564 177 2628 tionem
200 2559 430 2643 omnipotentis
453 2557 516 2623 Dei
549 2565 582 2622 et
613 2558 783 2623 beatorum
809 2558 901 2623 Petri
929 2565 962 2623 et
983 2559 1079 2624 Pauli
1112 2562 1333 2654 apostolorum

55 2671 121 2734 eius
147 2689 184 2732 se
206 2667 333 2732 noverit
355 2667 569 2730 incursurum.
616 2664 738 2728 Datum
761 2664 938 2729 Beneventi
958 2664 1028 2729 VH
1050 2665 1124 2731 Kal.
1148 2667 1238 2731 Maii.

55 2956 140 3022 229.
166 2955 343 3015 Hadriacas
360 2953 410 3013 IV
422 2954 563 3031 episeopis
582 2953 759 3029 quibasdam
777 2954 907 3027 ozoadat,
931 2962 964 3014 at
981 2956 1116 3031 reliquiis
1137 2955 1166 3014 S.
1185 2955 1332 3014 Florentii

165 3063 201 3121 a'a
223 3080 312 3136 capsa
333 3080 409 3121 neoc
430 3060 617 3119 recondendis
649 3061 790 3120 assistant
816 3067 841 3119 et
867 3061 1001 3136 fidelitas
1030 3062 1072 3120 ibi
1100 3062 1331 3121 convenientibas

159 3174 347 3246 peccatoram
367 3167 574 3227 remissionem
596 3167 773 3242 indulgeant.

20 3196 24 3249 l

20 3254 25 3357 i
197 3288 269 3344 Bibl
287 3293 344 3342 nat.
364 3286 449 3341 Paris.
469 3286 539 3342 0011.
558 3287 652 3358 Anjou
671 3294 700 3342 et
716 3286 854 3341 Touraine
872 3289 888 3342 5
906 3304 933 3340 n.
955 3287 1037 3342 1761¹>
1055 3293 1084 3342 et
1103 3250 1172 3342 1792

20 3364 24 3451 l
574 3393 660 3430 manu
678 3394 700 3430 s.
719 3389 809 3430 xvm.

20 3516 24 3571 ἶ
142 3521 310 3585 Adrianus
333 3519 502 3602 episcopus
535 3539 646 3582 servus
677 3539 842 3583 servorum
864 3517 927 3581 Dei
953 3517 1192 3582 venerabilibus
1220 3517 1328 3581 fratri·
1371 3522 1454 3580 1157

19 3614 23 3699 ξ
60 3627 113 3692 bus
146 3626 335 3711 Wlillelmo)
368 3622 638 3705 Oenomannensi,
671 3624 861 3710 B(ernardo)
883 3623 1107 3706 Namnetensi,
1140 3624 1329 3709 M(atthaeo)
1347 3612 1431 3670 Febr·
1444 3613 1472 3669 6·

21 3742 24 3751 “
61 3733 283 3817 andegavensi
305 3737 338 3796 et
360 3730 547 3816 S(tephan0)
569 3729 755 3795 Redonsnsi
779 3731 916 3796 salutem
944 3736 977 3794 et
1000 3730 1210 3812 apostolicam
1233 3730 1329 3794 bene·

28 3920 31 3925 ,
63 3840 239 3906 dictionem.
285 3838 406 3902 Dilecti
427 3836 486 3901 filii
508 3838 612 3902 nostri
634 3836 805 3921 Philippus
837 3837 939 3901 abbas
968 3842 1000 3900 et
1027 3837 1177 3901 monachi
1204 3835 1329 3900 Salmu-

62 3968 167 4012 renses
191 3966 308 4030 corpus
322 3945 360 4009 B.
375 3943 544 4025 Florentii,
569 3944 656 4026 quod
674 3944 707 4006 in
726 3965 836 4007 eorum
854 3943 1028 4024 requiescit
1042 3942 1188 4024 ecelesia,
1207 3943 1241 4004 in
1256 3963 1329 4024 cap-

34 4054 125 4139 {sam
146 4074 266 4118 novam
298 4051 475 4116 studiosius
507 4054 737 4134 praeparatam
768 4048 878 4113 (lebita
911 4047 1096 4112 desiderant
1125 4049 1329 4113 veneratione

36 4159 235 4237 †t1·ansfeni.
283 4157 442 4240 Quocirca
464 4178 523 4241 per
546 4156 727 4239 apostolica
754 4154 844 4218 vobis
873 4156 994 4236 scripta
1021 4154 1231 4235 mandamus,
1251 4176 1328 4237 qua-

36 4248 151 4349 iftinus,
176 4286 251 4330 cum
270 4265 313 4329 ab
335 4264 457 4329 eisdem
476 4263 632 4328 fratribus
656 4261 782 4326 fueritis
806 4261 943 4343 invitati,
964 4261 1005 4325 ad
1025 4282 1135 4326 eorum
1159 4260 1326 4324 ecelesiam

35 4355 219 4438 {Zaccedais
242 4377 276 4436 et
297 4370 456 4455 praedicti
479 4369 591 4436 Sancti
622 4368 777 4450 reliquias
805 4369 838 4430 iu
866 4367 936 4432 loeo
959 4388 1040 4432 novo
1065 4367 1232 4431 devotione
1256 4387 1329 4431 con-

61 4499 135 4557 grua
153 4479 247 4543 iuxta
263 4477 354 4561 pium
370 4477 516 4561 ipsorum
536 4474 674 4539 fratrum
693 4474 888 4538 desiderium
907 4472 1117 4538 recondentes
1141 4473 1328 4537 convenien-

60 4585 140 4650 tibus
162 4585 212 4650 ibi
235 4583 413 4650 devotionis
436 4583 558 4647 intuitu
580 4580 730 4646 fidelibus
761 4580 944 4646 christianis
968 4584 1174 4663 peccatorum
1197 4601 1329 4644 suorum
