3098 5056
357 308 360 312 »
452 269 577 324 Uarum
594 285 632 324 111
650 281 817 324 nmsrounn
835 268 895 324 386.
914 269 966 323 387
1283 256 1347 319 235

66 447 152 508 quae
170 427 300 492 noveris
319 448 390 492 esse
408 429 597 512 plantanda.
635 430 778 495 Attende
797 430 918 511 itaque,
944 431 1111 494 carissime
1134 429 1245 511 frater,
1270 430 1348 512 quid
1369 429 1523 490 1186-87

66 533 126 597 tibi
151 533 380 599 sollicitudinis
403 555 443 599 ex
466 536 670 619 indulgentia
693 535 892 620 apostolicae
916 535 1001 600 sedis
1033 536 1212 617 immineat,
1242 542 1275 600 et
1302 537 1349 600 sic
1374 520 1448 596 ᾹΡΥ·
1462 519 1512 580 13·

66 640 233 706 iniunctae
257 641 318 705 tibi
340 641 513 723 legationis
545 641 686 707 officium
720 665 794 707 cum
825 642 945 707 auxilio
975 642 1100 723 gratiae
1125 642 1253 706 celestis
1278 663 1349 706 exe-

68 768 178 830 quere,
203 749 297 811 utin
320 744 419 812 manu
441 753 500 813 tua
523 749 745 814 ecclesiastica
772 750 903 832 negotia
932 747 1115 830 dirigantur
1143 754 1177 812 et
1199 748 1349 813 ecclesia-

68 876 139 918 rum
163 859 270 919 status
298 875 357 938 per
383 854 621 938 providentiam
648 862 740 921 tuam
767 857 801 920 in
825 855 940 920 melius
970 860 1003 918 et
1025 853 1170 919 fidelium
1193 856 1349 919 universi-

68 967 117 1024 tas
142 965 258 1025 autore
277 960 347 1026 Deo
370 959 520 1044 proficiat
543 961 586 1025 ad
610 962 759 1027 salutem.
797 962 921 1026 Datum
939 959 1088 1026 Veronae
1112 960 1161 1024 Id.
1186 961 1320 1044 Aprilis.

71 1231 155 1297 ³86.
186 1232 323 1291 Urbanas
346 1233 397 1291 III
410 1233 728 1293 Maioris-monosterii
749 1235 895 1311 fratribus
919 1233 1088 1292 decimano
1111 1232 1197 1291 laicis
1218 1233 1350 1307 resipere·

180 1346 227 1398 tas
249 1340 284 1398 irs
300 1340 443 1415 proprios
465 1359 541 1398 usas
564 1347 724 1399 uouemere
740 1342 895 1417 perrtittit.

174 1458 246 1513 Bibl.
266 1463 324 1512 nat.
343 1458 430 1513 Paris.
454 1477 505 1513 ms.
531 1459 579 1514 lat.
600 1459 695 1514 12879.
724 1459 770 1514 fol.
791 1461 851 1515 192.
884 1458 1040 1529 Descripsit
1057 1458 1184 1512 Martene
1208 1475 1243 1513 ex

620 1548 800 1619 autographo.

155 1669 310 1735 Urbanus
334 1672 503 1755 episcopus
528 1693 638 1736 servus
659 1694 824 1739 servorum
838 1674 902 1738 Dei
921 1672 1048 1737 dilectis
1067 1672 1142 1736 filiis
1162 1671 1295 1737 abbatil
1318 1677 1351 1735 et
1369 1669 1524 1731 1186-87

72 1777 236 1842 monachis
259 1778 393 1844 Maioris
416 1780 606 1843 monasterii
631 1780 769 1844 salutem
796 1785 828 1844 et
848 1780 1061 1862 apostolicam
1079 1778 1348 1844 benedictionem.
1385 1760 1450 1819 Iun·
1464 1761 1514 1820 13·

72 1883 199 1966 Quanto
224 1885 415 1977 coenobium
445 1890 590 1949 vestrum
623 1887 794 1969 specialius
828 1886 869 1950 ad
898 1909 957 1951 nos
988 1892 1021 1950 et
1042 1884 1225 1950 Romanam
1249 1885 1349 1948 ecele-

70 1994 149 2057 siam
172 1992 326 2076 pertinet,
351 1997 444 2057 tanto
468 1993 531 2056 iuri
555 1998 588 2056 et
612 1993 780 2058 commodo
808 1993 877 2056 eius
902 1992 1056 2058 debemus
1080 1992 1267 2074 diligentius
1290 1991 1349 2054 im-

68 2100 202 2164 minere.
236 2098 287 2163 Ea
305 2105 448 2181 propter,
474 2098 584 2163 dilecti
603 2100 636 2163 in
656 2099 796 2164 Domino
815 2097 885 2179 filii,
909 2100 1025 2162 vestris
1044 2099 1139 2162 iustis
1157 2097 1349 2182 postulatio-

67 2207 163 2271 nibus
187 2210 282 2288 grato
307 2210 536 2270 concurrentes
566 2216 731 2287 assensufl,
764 2205 945 2287 praesentis
973 2205 1065 2270 vobis
1094 2205 1207 2287 scripti
1230 2205 1350 2286 pagina

68 2311 219 2376 dommus
242 2310 488 2394 indulgendum,
517 2318 554 2375 ut
577 2312 734 2393 decimas,
769 2333 850 2394 quas
877 2312 954 2375 laici
981 2311 1197 2394 possederunt
1219 2312 1253 2374 in
1276 2331 1349 2393 par·

66 2418 187 2483 rochiis
213 2418 425 2483 eeclesiarum
457 2423 640 2483 vestrarum
672 2425 705 2482 et
736 2420 853 2482 vestris
885 2419 1036 2482 manibus
1068 2419 1277 2500 resignarunt
1299 2415 1350 2480 vel

65 2526 99 2588 in
122 2528 294 2607 posterum
318 2525 469 2590 duxerint
492 2524 720 2608 resignandae,
745 2525 787 2588 ad
811 2547 891 2608 opus
914 2531 1059 2590 vestrum
1085 2530 1117 2589 et
1140 2524 1350 2588 ecclesiarum

65 2637 266 2712 vestrarum,
300 2632 334 2694 in
367 2653 506 2714 quarum
540 2637 616 2696 sunt
638 2632 801 2714 parochiis
826 2634 1036 2714 constitutae,
1069 2632 1189 2695 nullius
1223 2635 1349 2694 contra-

67 2738 211 2802 dictione
235 2736 286 2800 vel
314 2738 533 2820 appellatione
564 2738 714 2803 obstante
746 2739 890 2822 recipere
913 2740 1011 2803 liceat
1039 2744 1072 2803 et
1094 2744 1214 2802 tenere.
1261 2736 1350 2800 Nulli

67 2865 145 2927 ergo
178 2845 308 2909 omnino
340 2843 507 2909 hominum
535 2845 648 2926 liceat,
682 2844 766 2909 hanc
793 2847 947 2928 paginam
974 2852 1105 2910 nostrae
1134 2842 1349 2909 concessionis

68 2950 245 3033 infringere
268 2952 319 3015 vel
343 2952 373 3016 ei
396 2973 478 3016 ausu
506 2952 679 3016 temerario
709 2953 879 3016 contraire.
927 2951 961 3017 Si
986 2954 1058 3035 quis
1086 2957 1195 3015 autem
1217 2950 1278 3014 hoc
1302 2954 1350 3012 at-

68 3063 197 3122 tentare
221 3058 486 3141 praesumpserit,
510 3057 766 3140 indignationem
790 3059 1020 3141 omnipotentis
1043 3058 1105 3123 Dei
1130 3064 1163 3122 et
1185 3055 1239 3120 bb.
1259 3054 1351 3118 Petri

70 3170 102 3229 et
125 3163 223 3228 Pauli
246 3164 467 3247 apostolorum
491 3166 560 3229 eius
585 3186 619 3229 se
642 3167 769 3229 noverit
794 3166 1007 3229 incursurum.
1054 3165 1177 3228 Datum
1200 3161 1350 3227 Veronae

69 3269 184 3335 Idibus
207 3268 304 3334 Iunii.

71 3503 154 3573 387.
184 3506 320 3565 &bunos
342 3506 393 3565 III
419 3507 636 3582 archiepiscopo
663 3507 893 3582 Oorrpostellaoo
929 3507 1055 3583 aliisque
1091 3508 1228 3580 recedat,
1261 3505 1350 3565 corri-

177 3620 251 3689 peret
281 3613 448 3687 episcopam
470 3614 703 3686 Astarioenserr,
737 3613 790 3689 qai
818 3613 967 3672 meles-iore
989 3613 1142 3689 pecodum
1168 3613 1349 3685 dedicaverit,

182 3726 342 3796 antequem
372 3720 569 3779 controversie
600 3720 635 3778 de
666 3738 699 3778 eo
730 3721 808 3778 ieter
832 3720 967 3794 priorem
996 3720 1030 3778 de
1056 3727 1155 3779 monte
1176 3720 1298 3778 Feterro
1325 3725 1350 3778 et

181 3825 341 3884 mortuellus
364 3827 397 3886 de
426 3826 608 3902 Villofrarree
631 3826 789 3884 temerato
811 3833 891 3885 esset.
1349 3822 1355 3835 '

238 3944 310 3999 Bibl.
329 3950 386 4000 nat.
405 3945 493 3999 Paris.
513 3944 583 4000 0011.
602 3944 720 3999 Moreau
738 3944 798 3999 283.
827 3945 873 3999 fol.
895 3946 954 4000 161.
982 3961 1043 4015 cop.
1061 3962 1087 3999 a.
1107 3945 1184 4000 1780.

159 4102 313 4170 Urbanus
337 4105 507 4188 episcopus
531 4126 642 4169 servus
670 4125 835 4169 servorum
853 4105 916 4170 Dei
934 4104 1174 4169 venerabilibus
1194 4104 1349 4169 fratribus
1369 4099 1524 4162 1186-87

68 4210 333 4294 Compostellano
366 4211 608 4296 archiepiscopo
616 4217 638 4293 2,
672 4212 843 4294 episcopo3
875 4218 908 4276 et
940 4211 1057 4277 dilecto
1085 4209 1152 4275 filio
1175 4210 1214 4275 B.
1246 4210 1349 4275 archi·
1389 4191 1510 4251 Ill-3⁰·

69 4318 209 4384 diacono
240 4317 393 4382 Auriensi
426 4320 566 4383 salutem
599 4323 631 4381 et
663 4317 876 4400 apostolicam
908 4317 1176 4382 benedictionem.
1230 4316 1351 4382 Dilecti

159 4502 173 4527 ⁸
190 4501 221 4546 Ie
237 4501 317 4548 cods'ee
334 4509 460 4548 correctum
477 4510 510 4549 est
526 4503 552 4548 io
570 4513 699 4548 consensu.

162 4603 172 4632 ¹
191 4601 326 4658 Hervaeo.
401 4603 519 4658 'Petro
594 4601 747 4655 “Alfonso
