<?xml version="1.0" encoding="UTF-8"?>
<!DOCTYPE html PUBLIC "-//W3C//DTD XHTML 1.0 Transitional//EN"
    "http://www.w3.org/TR/xhtml1/DTD/xhtml1-transitional.dtd">
<html xmlns="http://www.w3.org/1999/xhtml" xml:lang="en" lang="en">
 <head>
  <title>
</title>
<meta http-equiv="Content-Type" content="text/html;charset=utf-8" />
  <meta name='ocr-system' content='tesseract 3.04.00' />
  <meta name='ocr-capabilities' content='ocr_page ocr_carea ocr_par ocr_line ocrx_word'/>
</head>
<body>
  <div class='ocr_page' id='page_1' title='image "./epistolaepontif00popegoog_0161.png"; bbox 0 0 3098 5056; ppageno 0'>
   <div class='ocr_carea' id='block_1_1' title="bbox 222 236 1079 301">
    <p class='ocr_par' dir='ltr' id='par_1_1' title="bbox 222 236 1079 301">
     <span class='ocr_line' id='line_1_1' title="bbox 222 236 1079 301; baseline 0.006 -6"><span class='ocrx_word' id='word_1_1' title='bbox 222 236 283 295; x_wconf 99' lang='grc'>144</span> <span class='ocrx_word' id='word_1_2' title='bbox 579 248 768 301; x_wconf 73' lang='lat' dir='ltr'>Ausxnrvnm</span> <span class='ocrx_word' id='word_1_3' title='bbox 787 260 824 299; x_wconf 88' lang='lat'>111</span> <span class='ocrx_word' id='word_1_4' title='bbox 842 259 1009 300; x_wconf 76' lang='lat' dir='ltr'>arrsrounn</span> <span class='ocrx_word' id='word_1_5' title='bbox 1028 246 1079 300; x_wconf 82' lang='lat'>256</span> 
     </span>
    </p>
   </div>
   <div class='ocr_carea' id='block_1_2' title="bbox 76 405 1502 2172">
    <p class='ocr_par' dir='ltr' id='par_1_2' title="bbox 76 405 1502 2172">
     <span class='ocr_line' id='line_1_2' title="bbox 99 405 1497 490; baseline 0.001 -22"><span class='ocrx_word' id='word_1_6' title='bbox 99 409 183 468; x_wconf 82' lang='lat'>1174</span> <span class='ocrx_word' id='word_1_7' title='bbox 220 414 270 473; x_wconf 91' lang='lat' dir='ltr'>est</span> <span class='ocrx_word' id='word_1_8' title='bbox 293 413 325 472; x_wconf 92' lang='lat' dir='ltr'>et</span> <span class='ocrx_word' id='word_1_9' title='bbox 348 414 516 490; x_wconf 83' lang='lat' dir='ltr'>acceptum</span> <span class='ocrx_word' id='word_1_10' title='bbox 539 413 573 471; x_wconf 90' lang='grc'>44</span> <span class='ocrx_word' id='word_1_11' title='bbox 590 406 826 489; x_wconf 91' lang='lat' dir='ltr'>providentiam</span> <span class='ocrx_word' id='word_1_12' title='bbox 849 411 991 470; x_wconf 90' lang='lat' dir='ltr'>vestram</span> <span class='ocrx_word' id='word_1_13' title='bbox 1010 405 1104 487; x_wconf 85' lang='lat' dir='ltr'>digne</span> <span class='ocrx_word' id='word_1_14' title='bbox 1123 407 1157 468; x_wconf 92' lang='lat' dir='ltr'>in</span> <span class='ocrx_word' id='word_1_15' title='bbox 1171 405 1311 472; x_wconf 91' lang='lat' dir='ltr'>Domino</span> <span class='ocrx_word' id='word_1_16' title='bbox 1336 428 1497 472; x_wconf 90' lang='lat' dir='ltr'>commen·</span> 
     </span>
     <span class='ocr_line' id='line_1_3' title="bbox 76 499 1497 596; baseline -0.001 -17"><span class='ocrx_word' id='word_1_17' title='bbox 76 500 137 558; x_wconf 63' lang='lat' dir='ltr'>Ian·</span> <span class='ocrx_word' id='word_1_18' title='bbox 150 499 200 556; x_wconf 76' lang='lat'>24·</span> <span class='ocrx_word' id='word_1_19' title='bbox 220 515 344 595; x_wconf 89' lang='lat' dir='ltr'>damus,</span> <span class='ocrx_word' id='word_1_20' title='bbox 369 513 455 596; x_wconf 91' lang='lat' dir='ltr'>quod</span> <span class='ocrx_word' id='word_1_21' title='bbox 477 535 533 578; x_wconf 91' lang='lat' dir='ltr'>vos</span> <span class='ocrx_word' id='word_1_22' title='bbox 557 511 674 576; x_wconf 84' lang='lat' dir='ltr'>fratres</span> <span class='ocrx_word' id='word_1_23' title='bbox 699 511 738 576; x_wconf 92' lang='lat' dir='ltr'>de</span> <span class='ocrx_word' id='word_1_24' title='bbox 758 512 864 594; x_wconf 88' lang='lat' dir='ltr'>capite</span> <span class='ocrx_word' id='word_1_25' title='bbox 884 510 1105 576; x_wconf 81' lang='lat' dir='ltr'>Cluniacensis</span> <span class='ocrx_word' id='word_1_26' title='bbox 1128 514 1318 578; x_wconf 88' lang='lat' dir='ltr'>monasterii</span> <span class='ocrx_word' id='word_1_27' title='bbox 1340 514 1375 577; x_wconf 94' lang='lat' dir='ltr'>in</span> <span class='ocrx_word' id='word_1_28' title='bbox 1399 513 1497 578; x_wconf 90' lang='lat' dir='ltr'>dilec-</span> 
     </span>
     <span class='ocr_line' id='line_1_4' title="bbox 219 617 1496 702; baseline 0 -18"><span class='ocrx_word' id='word_1_29' title='bbox 219 627 288 684; x_wconf 88' lang='lat' dir='ltr'>tum</span> <span class='ocrx_word' id='word_1_30' title='bbox 311 619 414 684; x_wconf 90' lang='lat' dir='ltr'>filium</span> <span class='ocrx_word' id='word_1_31' title='bbox 436 624 592 699; x_wconf 88' lang='lat' dir='ltr'>nostrum,</span> <span class='ocrx_word' id='word_1_32' title='bbox 624 617 759 682; x_wconf 83' lang='lat' dir='ltr'>fratrem</span> <span class='ocrx_word' id='word_1_33' title='bbox 788 623 946 700; x_wconf 89' lang='lat' dir='ltr'>vestrum,</span> <span class='ocrx_word' id='word_1_34' title='bbox 970 619 1132 702; x_wconf 91' lang='lat' dir='ltr'>prioreml</span> <span class='ocrx_word' id='word_1_35' title='bbox 1155 619 1318 701; x_wconf 91' lang='lat' dir='ltr'>quondam</span> <span class='ocrx_word' id='word_1_36' title='bbox 1343 620 1383 684; x_wconf 93' lang='lat' dir='ltr'>de</span> <span class='ocrx_word' id='word_1_37' title='bbox 1407 619 1496 684; x_wconf 83' lang='lat' dir='ltr'>Oari-</span> 
     </span>
     <span class='ocr_line' id='line_1_5' title="bbox 188 724 1499 825; baseline -0.002 -33"><span class='ocrx_word' id='word_1_38' title='bbox 188 733 297 825; x_wconf 44' lang='lat' dir='ltr'>&#39;tate,</span> <span class='ocrx_word' id='word_1_39' title='bbox 321 727 425 789; x_wconf 92' lang='lat' dir='ltr'>virum</span> <span class='ocrx_word' id='word_1_40' title='bbox 448 726 560 807; x_wconf 90' lang='lat' dir='ltr'>utique</span> <span class='ocrx_word' id='word_1_41' title='bbox 583 724 739 806; x_wconf 91' lang='lat' dir='ltr'>nobilem,</span> <span class='ocrx_word' id='word_1_42' title='bbox 763 724 973 813; x_wconf 68' lang='lat' dir='ltr'>religiosum,</span> <span class='ocrx_word' id='word_1_43' title='bbox 1006 725 1175 807; x_wconf 90' lang='lat' dir='ltr'>providum</span> <span class='ocrx_word' id='word_1_44' title='bbox 1203 731 1236 790; x_wconf 94' lang='lat' dir='ltr'>et</span> <span class='ocrx_word' id='word_1_45' title='bbox 1262 725 1435 790; x_wconf 88' lang='lat' dir='ltr'>honestum</span> <span class='ocrx_word' id='word_1_46' title='bbox 1466 731 1499 790; x_wconf 90' lang='lat' dir='ltr'>et</span> 
     </span>
     <span class='ocr_line' id='line_1_6' title="bbox 219 831 1497 913; baseline 0 -17"><span class='ocrx_word' id='word_1_47' title='bbox 219 833 312 899; x_wconf 92' lang='lat' dir='ltr'>nobis</span> <span class='ocrx_word' id='word_1_48' title='bbox 336 854 447 896; x_wconf 90' lang='lat' dir='ltr'>carum</span> <span class='ocrx_word' id='word_1_49' title='bbox 475 832 517 896; x_wconf 93' lang='lat' dir='ltr'>ad</span> <span class='ocrx_word' id='word_1_50' title='bbox 543 831 675 897; x_wconf 93' lang='lat' dir='ltr'>modum</span> <span class='ocrx_word' id='word_1_51' title='bbox 700 836 732 894; x_wconf 92' lang='lat' dir='ltr'>et</span> <span class='ocrx_word' id='word_1_52' title='bbox 764 836 932 913; x_wconf 91' lang='lat' dir='ltr'>acceptum</span> <span class='ocrx_word' id='word_1_53' title='bbox 963 831 1159 895; x_wconf 85' lang='lat' dir='ltr'>unanimiter</span> <span class='ocrx_word' id='word_1_54' title='bbox 1187 833 1380 896; x_wconf 88' lang='lat' dir='ltr'>convenistis</span> <span class='ocrx_word' id='word_1_55' title='bbox 1409 853 1497 897; x_wconf 90' lang='lat' dir='ltr'>eum-</span> 
     </span>
     <span class='ocr_line' id='line_1_7' title="bbox 220 936 1498 1022; baseline -0.002 -18"><span class='ocrx_word' id='word_1_56' title='bbox 220 961 282 1022; x_wconf 85' lang='lat' dir='ltr'>que</span> <span class='ocrx_word' id='word_1_57' title='bbox 304 939 395 1005; x_wconf 88' lang='lat' dir='ltr'>vobis</span> <span class='ocrx_word' id='word_1_58' title='bbox 415 938 557 1020; x_wconf 78' lang='lat' dir='ltr'>elegistis</span> <span class='ocrx_word' id='word_1_59' title='bbox 580 937 614 1000; x_wconf 92' lang='lat' dir='ltr'>in</span> <span class='ocrx_word' id='word_1_60' title='bbox 637 936 829 1018; x_wconf 89' lang='lat' dir='ltr'>magistrum</span> <span class='ocrx_word' id='word_1_61' title='bbox 851 938 975 1020; x_wconf 90' lang='lat' dir='ltr'>pariter</span> <span class='ocrx_word' id='word_1_62' title='bbox 999 943 1031 1001; x_wconf 91' lang='lat' dir='ltr'>et</span> <span class='ocrx_word' id='word_1_63' title='bbox 1054 937 1215 1002; x_wconf 90' lang='lat' dir='ltr'>abbatem.</span> <span class='ocrx_word' id='word_1_64' title='bbox 1257 937 1338 1002; x_wconf 90' lang='lat' dir='ltr'>Inde</span> <span class='ocrx_word' id='word_1_65' title='bbox 1362 939 1498 1003; x_wconf 87' lang='grc'>444441-</span> 
     </span>
     <span class='ocr_line' id='line_1_8' title="bbox 221 1043 1498 1128; baseline -0.001 -18"><span class='ocrx_word' id='word_1_66' title='bbox 221 1067 292 1128; x_wconf 93' lang='lat' dir='ltr'>que,</span> <span class='ocrx_word' id='word_1_67' title='bbox 317 1045 403 1127; x_wconf 89' lang='lat' dir='ltr'>quod</span> <span class='ocrx_word' id='word_1_68' title='bbox 416 1066 475 1109; x_wconf 91' lang='grc'>444</span> <span class='ocrx_word' id='word_1_69' title='bbox 496 1043 684 1108; x_wconf 80' lang='lat' dir='ltr'>electionem</span> <span class='ocrx_word' id='word_1_70' title='bbox 703 1049 844 1107; x_wconf 89' lang='lat' dir='ltr'>vestram</span> <span class='ocrx_word' id='word_1_71' title='bbox 863 1049 969 1107; x_wconf 90' lang='lat' dir='ltr'>ratam</span> <span class='ocrx_word' id='word_1_72' title='bbox 987 1043 1144 1108; x_wconf 90' lang='lat' dir='ltr'>habentes</span> <span class='ocrx_word' id='word_1_73' title='bbox 1164 1049 1197 1108; x_wconf 91' lang='lat' dir='ltr'>et</span> <span class='ocrx_word' id='word_1_74' title='bbox 1214 1043 1342 1108; x_wconf 87' lang='lat' dir='ltr'>firmam</span> <span class='ocrx_word' id='word_1_75' title='bbox 1360 1065 1498 1128; x_wconf 90' lang='lat' dir='ltr'>eamque</span> 
     </span>
     <span class='ocr_line' id='line_1_9' title="bbox 222 1148 1498 1234; baseline 0 -18"><span class='ocrx_word' id='word_1_76' title='bbox 222 1153 413 1217; x_wconf 87' lang='lat' dir='ltr'>auctoritate</span> <span class='ocrx_word' id='word_1_77' title='bbox 446 1149 624 1232; x_wconf 87' lang='lat' dir='ltr'>apostolica</span> <span class='ocrx_word' id='word_1_78' title='bbox 656 1148 883 1214; x_wconf 89' lang='lat' dir='ltr'>confirmantes</span> <span class='ocrx_word' id='word_1_79' title='bbox 914 1149 1102 1215; x_wconf 87' lang='lat' dir='ltr'>discretioni</span> <span class='ocrx_word' id='word_1_80' title='bbox 1137 1155 1244 1215; x_wconf 81' lang='lat' dir='ltr'>vestre</span> <span class='ocrx_word' id='word_1_81' title='bbox 1275 1172 1334 1233; x_wconf 89' lang='lat' dir='ltr'>per</span> <span class='ocrx_word' id='word_1_82' title='bbox 1368 1157 1498 1234; x_wconf 91' lang='lat' dir='ltr'>aposto·</span> 
     </span>
     <span class='ocr_line' id='line_1_10' title="bbox 221 1255 1498 1339; baseline -0.002 -17"><span class='ocrx_word' id='word_1_83' title='bbox 221 1260 284 1322; x_wconf 89' lang='lat' dir='ltr'>lica</span> <span class='ocrx_word' id='word_1_84' title='bbox 308 1259 429 1339; x_wconf 88' lang='lat' dir='ltr'>scripta</span> <span class='ocrx_word' id='word_1_85' title='bbox 452 1255 643 1321; x_wconf 89' lang='lat' dir='ltr'>mandamus</span> <span class='ocrx_word' id='word_1_86' title='bbox 671 1260 769 1337; x_wconf 89' lang='lat' dir='ltr'>atque</span> <span class='ocrx_word' id='word_1_87' title='bbox 795 1256 1004 1338; x_wconf 76' lang='lat' dir='ltr'>precipimuS,</span> <span class='ocrx_word' id='word_1_88' title='bbox 1034 1257 1187 1338; x_wconf 79' lang='lat' dir='ltr'>quatinus</span> <span class='ocrx_word' id='word_1_89' title='bbox 1211 1257 1241 1320; x_wconf 91' lang='lat' dir='ltr'>ei</span> <span class='ocrx_word' id='word_1_90' title='bbox 1265 1257 1360 1321; x_wconf 91' lang='lat' dir='ltr'>sicuti</span> <span class='ocrx_word' id='word_1_91' title='bbox 1384 1257 1498 1322; x_wconf 93' lang='lat' dir='ltr'>abbati</span> 
     </span>
     <span class='ocr_line' id='line_1_11' title="bbox 221 1361 1498 1446; baseline -0.001 -18"><span class='ocrx_word' id='word_1_92' title='bbox 221 1370 327 1428; x_wconf 90' lang='lat' dir='ltr'>vestro</span> <span class='ocrx_word' id='word_1_93' title='bbox 352 1363 496 1428; x_wconf 84' lang='lat' dir='ltr'>debitam</span> <span class='ocrx_word' id='word_1_94' title='bbox 517 1363 552 1426; x_wconf 92' lang='lat' dir='ltr'>in</span> <span class='ocrx_word' id='word_1_95' title='bbox 582 1361 731 1427; x_wconf 89' lang='lat' dir='ltr'>omnibus</span> <span class='ocrx_word' id='word_1_96' title='bbox 763 1361 982 1426; x_wconf 84' lang='lat' dir='ltr'>obedientiam</span> <span class='ocrx_word' id='word_1_97' title='bbox 1010 1367 1043 1426; x_wconf 95' lang='lat' dir='ltr'>et</span> <span class='ocrx_word' id='word_1_98' title='bbox 1064 1363 1278 1427; x_wconf 88' lang='lat' dir='ltr'>reverentiam</span> <span class='ocrx_word' id='word_1_99' title='bbox 1301 1363 1498 1446; x_wconf 90' lang='lat' dir='ltr'>impendatis</span> 
     </span>
     <span class='ocr_line' id='line_1_12' title="bbox 222 1467 1499 1552; baseline -0.001 -17"><span class='ocrx_word' id='word_1_100' title='bbox 222 1472 355 1552; x_wconf 88' lang='lat' dir='ltr'>eiusque</span> <span class='ocrx_word' id='word_1_101' title='bbox 378 1469 509 1534; x_wconf 89' lang='lat' dir='ltr'>monitis</span> <span class='ocrx_word' id='word_1_102' title='bbox 525 1474 558 1532; x_wconf 92' lang='lat' dir='ltr'>et</span> <span class='ocrx_word' id='word_1_103' title='bbox 576 1467 738 1532; x_wconf 88' lang='lat' dir='ltr'>mandatis</span> <span class='ocrx_word' id='word_1_104' title='bbox 753 1468 918 1532; x_wconf 89' lang='lat' dir='ltr'>humiliter</span> <span class='ocrx_word' id='word_1_105' title='bbox 942 1475 974 1532; x_wconf 93' lang='lat' dir='ltr'>et</span> <span class='ocrx_word' id='word_1_106' title='bbox 997 1468 1110 1534; x_wconf 90' lang='lat' dir='ltr'>devote</span> <span class='ocrx_word' id='word_1_107' title='bbox 1133 1475 1284 1552; x_wconf 90' lang='lat' dir='ltr'>parentes</span> <span class='ocrx_word' id='word_1_108' title='bbox 1309 1471 1351 1534; x_wconf 91' lang='lat' dir='ltr'>ad</span> <span class='ocrx_word' id='word_1_109' title='bbox 1375 1471 1499 1534; x_wconf 90' lang='lat' dir='ltr'>cultum</span> 
     </span>
     <span class='ocr_line' id='line_1_13' title="bbox 222 1574 1498 1659; baseline -0.002 -18"><span class='ocrx_word' id='word_1_110' title='bbox 222 1577 383 1659; x_wconf 84' lang='lat' dir='ltr'>religionis</span> <span class='ocrx_word' id='word_1_111' title='bbox 408 1581 440 1639; x_wconf 90' lang='lat' dir='ltr'>et</span> <span class='ocrx_word' id='word_1_112' title='bbox 462 1575 702 1640; x_wconf 81' lang='lat' dir='ltr'>observantiam</span> <span class='ocrx_word' id='word_1_113' title='bbox 726 1574 847 1640; x_wconf 90' lang='lat' dir='ltr'>ordinis</span> <span class='ocrx_word' id='word_1_114' title='bbox 875 1574 1036 1639; x_wconf 87' lang='lat' dir='ltr'>ferventer</span> <span class='ocrx_word' id='word_1_115' title='bbox 1054 1581 1087 1639; x_wconf 92' lang='lat' dir='ltr'>et</span> <span class='ocrx_word' id='word_1_116' title='bbox 1104 1576 1301 1641; x_wconf 90' lang='lat' dir='ltr'>unanimiter</span> <span class='ocrx_word' id='word_1_117' title='bbox 1319 1576 1498 1641; x_wconf 87' lang='lat' dir='ltr'>intendatis</span> 
     </span>
     <span class='ocr_line' id='line_1_14' title="bbox 223 1679 1500 1765; baseline -0.002 -17"><span class='ocrx_word' id='word_1_118' title='bbox 223 1683 335 1748; x_wconf 88' lang='lat' dir='ltr'>scituri</span> <span class='ocrx_word' id='word_1_119' title='bbox 366 1704 424 1765; x_wconf 92' lang='lat' dir='ltr'>pro</span> <span class='ocrx_word' id='word_1_120' title='bbox 448 1687 545 1763; x_wconf 89' lang='lat' dir='ltr'>certo,</span> <span class='ocrx_word' id='word_1_121' title='bbox 580 1679 675 1762; x_wconf 91' lang='lat' dir='ltr'>quod,</span> <span class='ocrx_word' id='word_1_122' title='bbox 710 1682 737 1744; x_wconf 90' lang='lat' dir='ltr'>si</span> <span class='ocrx_word' id='word_1_123' title='bbox 760 1682 817 1763; x_wconf 87' lang='lat' dir='ltr'>qui</span> <span class='ocrx_word' id='word_1_124' title='bbox 839 1688 982 1746; x_wconf 91' lang='lat' dir='ltr'>vestrum</span> <span class='ocrx_word' id='word_1_125' title='bbox 1006 1683 1036 1746; x_wconf 92' lang='lat' dir='ltr'>ei</span> <span class='ocrx_word' id='word_1_126' title='bbox 1060 1688 1265 1748; x_wconf 88' lang='lat' dir='ltr'>contumaces</span> <span class='ocrx_word' id='word_1_127' title='bbox 1296 1681 1417 1747; x_wconf 87' lang='lat' dir='ltr'>fuerint</span> <span class='ocrx_word' id='word_1_128' title='bbox 1447 1682 1500 1746; x_wconf 93' lang='lat' dir='ltr'>vel</span> 
     </span>
     <span class='ocr_line' id='line_1_15' title="bbox 223 1787 1501 1872; baseline -0.002 -18"><span class='ocrx_word' id='word_1_129' title='bbox 223 1789 370 1870; x_wconf 81' lang='grc'>44141144,</span> <span class='ocrx_word' id='word_1_130' title='bbox 395 1788 598 1869; x_wconf 90' lang='lat' dir='ltr'>sententiam,</span> <span class='ocrx_word' id='word_1_131' title='bbox 623 1808 719 1868; x_wconf 91' lang='lat' dir='ltr'>quam</span> <span class='ocrx_word' id='word_1_132' title='bbox 742 1787 828 1852; x_wconf 91' lang='lat' dir='ltr'>idem</span> <span class='ocrx_word' id='word_1_133' title='bbox 852 1788 953 1852; x_wconf 85' lang='lat' dir='ltr'>abbas</span> <span class='ocrx_word' id='word_1_134' title='bbox 977 1789 1011 1851; x_wconf 93' lang='lat' dir='ltr'>in</span> <span class='ocrx_word' id='word_1_135' title='bbox 1037 1809 1091 1852; x_wconf 91' lang='lat' dir='ltr'>eos</span> <span class='ocrx_word' id='word_1_136' title='bbox 1110 1795 1243 1872; x_wconf 90' lang='lat' dir='ltr'>propter</span> <span class='ocrx_word' id='word_1_137' title='bbox 1265 1790 1326 1854; x_wconf 90' lang='lat' dir='ltr'>hoc</span> <span class='ocrx_word' id='word_1_138' title='bbox 1345 1789 1501 1853; x_wconf 90' lang='lat' dir='ltr'>canonice</span> 
     </span>
     <span class='ocr_line' id='line_1_16' title="bbox 225 1893 1502 1976; baseline -0.002 -16"><span class='ocrx_word' id='word_1_139' title='bbox 225 1895 363 1976; x_wconf 87' lang='lat' dir='ltr'>dederit,</span> <span class='ocrx_word' id='word_1_140' title='bbox 396 1916 455 1959; x_wconf 90' lang='lat' dir='ltr'>nos</span> <span class='ocrx_word' id='word_1_141' title='bbox 484 1899 615 1958; x_wconf 90' lang='lat' dir='ltr'>auctore</span> <span class='ocrx_word' id='word_1_142' title='bbox 638 1893 777 1959; x_wconf 91' lang='lat' dir='ltr'>Domino</span> <span class='ocrx_word' id='word_1_143' title='bbox 805 1900 911 1958; x_wconf 89' lang='lat' dir='ltr'>ratam</span> <span class='ocrx_word' id='word_1_144' title='bbox 939 1900 972 1958; x_wconf 90' lang='lat' dir='ltr'>et</span> <span class='ocrx_word' id='word_1_145' title='bbox 997 1893 1124 1958; x_wconf 89' lang='lat' dir='ltr'>firmam</span> <span class='ocrx_word' id='word_1_146' title='bbox 1151 1895 1342 1960; x_wconf 90' lang='lat' dir='ltr'>habebimus</span> <span class='ocrx_word' id='word_1_147' title='bbox 1371 1901 1405 1960; x_wconf 93' lang='lat' dir='ltr'>et</span> <span class='ocrx_word' id='word_1_148' title='bbox 1428 1917 1502 1960; x_wconf 91' lang='lat' dir='ltr'>eam</span> 
     </span>
     <span class='ocr_line' id='line_1_17' title="bbox 224 1999 1500 2084; baseline 0 -19"><span class='ocrx_word' id='word_1_149' title='bbox 224 2002 377 2066; x_wconf 82' lang='lat' dir='ltr'>faciemus</span> <span class='ocrx_word' id='word_1_150' title='bbox 418 1999 647 2064; x_wconf 89' lang='lat' dir='ltr'>inviolabiliter</span> <span class='ocrx_word' id='word_1_151' title='bbox 691 2000 865 2065; x_wconf 88' lang='lat' dir='ltr'>observari.</span> <span class='ocrx_word' id='word_1_152' title='bbox 943 1999 1066 2064; x_wconf 91' lang='lat' dir='ltr'>Datum</span> <span class='ocrx_word' id='word_1_153' title='bbox 1093 2001 1261 2084; x_wconf 86' lang='lat' dir='ltr'>Anagniae</span> <span class='ocrx_word' id='word_1_154' title='bbox 1284 2001 1387 2066; x_wconf 83' lang='lat' dir='ltr'>VIHI</span> <span class='ocrx_word' id='word_1_155' title='bbox 1423 2001 1500 2066; x_wconf 91' lang='lat' dir='ltr'>Kal.</span> 
     </span>
     <span class='ocr_line' id='line_1_18' title="bbox 224 2107 405 2172; baseline -0.011 0"><span class='ocrx_word' id='word_1_156' title='bbox 224 2107 405 2172; x_wconf 83' lang='lat' dir='ltr'>Februarii.</span> 
     </span>
    </p>
   </div>
   <div class='ocr_carea' id='block_1_3' title="bbox 226 2434 1502 2542">
    <p class='ocr_par' dir='ltr' id='par_1_3' title="bbox 226 2434 1502 2542">
     <span class='ocr_line' id='line_1_19' title="bbox 226 2434 1502 2542; baseline -0.005 -9"><span class='ocrx_word' id='word_1_157' title='bbox 226 2465 311 2532; x_wconf 84' lang='lat'><strong>256.</strong></span> <span class='ocrx_word' id='word_1_158' title='bbox 334 2465 497 2525; x_wconf 74' lang='lat' dir='ltr'>Alcacodcr</span> <span class='ocrx_word' id='word_1_159' title='bbox 518 2465 570 2523; x_wconf 87' lang='lat' dir='ltr'>HI</span> <span class='ocrx_word' id='word_1_160' title='bbox 587 2434 729 2541; x_wconf 75' lang='lat' dir='ltr'>fratribus</span> <span class='ocrx_word' id='word_1_161' title='bbox 758 2465 985 2542; x_wconf 72' lang='lat' dir='ltr'>Vallis-mogoda</span> <span class='ocrx_word' id='word_1_162' title='bbox 1007 2466 1147 2542; x_wconf 73' lang='lat' dir='ltr'>indulget,</span> <span class='ocrx_word' id='word_1_163' title='bbox 1175 2473 1209 2526; x_wconf 78' lang='lat' dir='ltr'>at</span> <span class='ocrx_word' id='word_1_164' title='bbox 1231 2467 1368 2526; x_wconf 71' lang='lat' dir='ltr'>alermum</span> <span class='ocrx_word' id='word_1_165' title='bbox 1391 2467 1502 2526; x_wconf 81' lang='lat' dir='ltr'>seculu-</span> 
     </span>
    </p>
   </div>
   <div class='ocr_carea' id='block_1_4' title="bbox 336 2572 1502 2754">
    <p class='ocr_par' dir='ltr' id='par_1_4' title="bbox 336 2572 1502 2754">
     <span class='ocr_line' id='line_1_20' title="bbox 336 2572 1502 2649; baseline 0.002 -19"><span class='ocrx_word' id='word_1_166' title='bbox 336 2591 398 2630; x_wconf 72' lang='grc'>4444</span> <span class='ocrx_word' id='word_1_167' title='bbox 420 2572 579 2630; x_wconf 69' lang='lat' dir='ltr'>instituant</span> <span class='ocrx_word' id='word_1_168' title='bbox 597 2591 795 2645; x_wconf 80' lang='lat' dir='ltr'>oeconomum,</span> <span class='ocrx_word' id='word_1_169' title='bbox 820 2572 872 2648; x_wconf 82' lang='grc'>441</span> <span class='ocrx_word' id='word_1_170' title='bbox 894 2572 1079 2631; x_wconf 69' lang='grc'>1441411444</span> <span class='ocrx_word' id='word_1_171' title='bbox 1101 2574 1200 2632; x_wconf 79' lang='grc'>444414</span> <span class='ocrx_word' id='word_1_172' title='bbox 1221 2574 1426 2632; x_wconf 70' lang='lat' dir='ltr'>acromatum</span> <span class='ocrx_word' id='word_1_173' title='bbox 1443 2592 1502 2649; x_wconf 84' lang='lat' dir='ltr'>pro</span> 
     </span>
     <span class='ocr_line' id='line_1_21' title="bbox 339 2679 643 2754; baseline 0.003 -18"><span class='ocrx_word' id='word_1_174' title='bbox 339 2679 380 2736; x_wconf 79' lang='grc'>414</span> <span class='ocrx_word' id='word_1_175' title='bbox 397 2684 529 2754; x_wconf 75' lang='lat' dir='ltr'>praestet.</span> <span class='ocrx_word' id='word_1_176' title='bbox 641 2724 643 2728; x_wconf 84' lang='lat'><em>.</em></span> 
     </span>
    </p>
   </div>
   <div class='ocr_carea' id='block_1_5' title="bbox 475 2796 1244 2853">
    <p class='ocr_par' dir='ltr' id='par_1_5' title="bbox 475 2796 1244 2853">
     <span class='ocr_line' id='line_1_22' title="bbox 475 2796 1244 2853; baseline 0.004 -3"><span class='ocrx_word' id='word_1_177' title='bbox 475 2796 547 2851; x_wconf 92' lang='lat' dir='ltr'>Bibl.</span> <span class='ocrx_word' id='word_1_178' title='bbox 565 2802 622 2851; x_wconf 88' lang='lat' dir='ltr'>nat.</span> <span class='ocrx_word' id='word_1_179' title='bbox 641 2796 727 2850; x_wconf 81' lang='lat' dir='ltr'>Paris.</span> <span class='ocrx_word' id='word_1_180' title='bbox 746 2814 797 2850; x_wconf 89' lang='lat' dir='ltr'>ms.</span> <span class='ocrx_word' id='word_1_181' title='bbox 815 2797 864 2851; x_wconf 88' lang='grc'>144.</span> <span class='ocrx_word' id='word_1_182' title='bbox 885 2797 972 2852; x_wconf 86' lang='grc'>12770</span> <span class='ocrx_word' id='word_1_183' title='bbox 990 2816 1012 2852; x_wconf 90' lang='grc'>4.</span> <span class='ocrx_word' id='word_1_184' title='bbox 1031 2812 1101 2852; x_wconf 83' lang='lat' dir='ltr'>xv11</span> <span class='ocrx_word' id='word_1_185' title='bbox 1119 2798 1165 2853; x_wconf 86' lang='grc'>141.</span> <span class='ocrx_word' id='word_1_186' title='bbox 1186 2800 1244 2853; x_wconf 89' lang='grc'>137.</span> 
     </span>
    </p>
   </div>
   <div class='ocr_carea' id='block_1_6' title="bbox 83 2974 1504 4422">
    <p class='ocr_par' dir='ltr' id='par_1_6' title="bbox 107 2974 1504 3056">
     <span class='ocr_line' id='line_1_23' title="bbox 107 2974 1504 3056; baseline 0.004 -20"><span class='ocrx_word' id='word_1_187' title='bbox 107 2979 189 3036; x_wconf 86' lang='grc'>1175</span> <span class='ocrx_word' id='word_1_188' title='bbox 317 2974 503 3040; x_wconf 81' lang='lat' dir='ltr'>Alexander</span> <span class='ocrx_word' id='word_1_189' title='bbox 526 2975 695 3056; x_wconf 90' lang='lat' dir='ltr'>episcopus</span> <span class='ocrx_word' id='word_1_190' title='bbox 724 2995 835 3038; x_wconf 88' lang='lat' dir='ltr'>servus</span> <span class='ocrx_word' id='word_1_191' title='bbox 864 2996 1028 3040; x_wconf 90' lang='lat' dir='ltr'>servorum</span> <span class='ocrx_word' id='word_1_192' title='bbox 1051 2974 1112 3039; x_wconf 92' lang='lat' dir='ltr'>Dei</span> <span class='ocrx_word' id='word_1_193' title='bbox 1140 2975 1264 3040; x_wconf 89' lang='lat' dir='ltr'>dilectis</span> <span class='ocrx_word' id='word_1_194' title='bbox 1288 2975 1364 3040; x_wconf 89' lang='lat' dir='ltr'>filiis</span> <span class='ocrx_word' id='word_1_195' title='bbox 1389 2977 1504 3041; x_wconf 91' lang='lat' dir='ltr'>abbati</span> 
     </span>
    </p>

    <p class='ocr_par' dir='ltr' id='par_1_7' title="bbox 83 3067 1504 4422">
     <span class='ocr_line' id='line_1_24' title="bbox 83 3067 1503 3164; baseline -0.001 -17"><span class='ocrx_word' id='word_1_196' title='bbox 83 3069 167 3127; x_wconf 60' lang='lat' dir='ltr'>Febr·</span> <span class='ocrx_word' id='word_1_197' title='bbox 179 3067 207 3125; x_wconf 83' lang='lat'>9·</span> <span class='ocrx_word' id='word_1_198' title='bbox 230 3089 263 3148; x_wconf 89' lang='lat' dir='ltr'>et</span> <span class='ocrx_word' id='word_1_199' title='bbox 289 3081 458 3147; x_wconf 88' lang='lat' dir='ltr'>conventui</span> <span class='ocrx_word' id='word_1_200' title='bbox 486 3080 619 3162; x_wconf 90' lang='lat' dir='ltr'>capituli</span> <span class='ocrx_word' id='word_1_201' title='bbox 641 3080 745 3145; x_wconf 89' lang='lat' dir='ltr'>Vallis</span> <span class='ocrx_word' id='word_1_202' title='bbox 773 3103 910 3164; x_wconf 90' lang='lat' dir='ltr'>magnae</span> <span class='ocrx_word' id='word_1_203' title='bbox 939 3082 1076 3146; x_wconf 89' lang='lat' dir='ltr'>salutem</span> <span class='ocrx_word' id='word_1_204' title='bbox 1107 3088 1139 3145; x_wconf 93' lang='lat' dir='ltr'>et</span> <span class='ocrx_word' id='word_1_205' title='bbox 1166 3082 1378 3164; x_wconf 88' lang='lat' dir='ltr'>apostolicam</span> <span class='ocrx_word' id='word_1_206' title='bbox 1406 3082 1503 3146; x_wconf 90' lang='lat' dir='ltr'>bene-</span> 
     </span>
     <span class='ocr_line' id='line_1_25' title="bbox 231 3186 1503 3271; baseline 0.001 -18"><span class='ocrx_word' id='word_1_207' title='bbox 231 3189 412 3254; x_wconf 88' lang='lat' dir='ltr'>dictionem.</span> <span class='ocrx_word' id='word_1_208' title='bbox 459 3186 672 3251; x_wconf 81' lang='lat' dir='ltr'>Attendentes</span> <span class='ocrx_word' id='word_1_209' title='bbox 696 3209 794 3269; x_wconf 92' lang='lat' dir='ltr'>quam</span> <span class='ocrx_word' id='word_1_210' title='bbox 818 3189 860 3251; x_wconf 91' lang='lat' dir='ltr'>sit</span> <span class='ocrx_word' id='word_1_211' title='bbox 882 3189 1050 3269; x_wconf 85' lang='lat' dir='ltr'>iudignum</span> <span class='ocrx_word' id='word_1_212' title='bbox 1073 3194 1106 3252; x_wconf 92' lang='lat' dir='ltr'>et</span> <span class='ocrx_word' id='word_1_213' title='bbox 1123 3190 1350 3254; x_wconf 80' lang='lat' dir='ltr'>inconveniens</span> <span class='ocrx_word' id='word_1_214' title='bbox 1374 3188 1503 3271; x_wconf 88' lang='lat' dir='ltr'>religio-</span> 
     </span>
     <span class='ocr_line' id='line_1_26' title="bbox 231 3293 1503 3381; baseline -0.001 -21"><span class='ocrx_word' id='word_1_215' title='bbox 231 3297 275 3360; x_wconf 87' lang='lat' dir='ltr'>sis</span> <span class='ocrx_word' id='word_1_216' title='bbox 298 3296 374 3359; x_wconf 90' lang='lat' dir='ltr'>viris</span> <span class='ocrx_word' id='word_1_217' title='bbox 398 3293 504 3381; x_wconf 75' lang='lat' dir='ltr'>ethis</span> <span class='ocrx_word' id='word_1_218' title='bbox 522 3294 676 3374; x_wconf 82' lang='lat' dir='ltr'>maxime,</span> <span class='ocrx_word' id='word_1_219' title='bbox 710 3294 767 3375; x_wconf 87' lang='lat' dir='ltr'>qui</span> <span class='ocrx_word' id='word_1_220' title='bbox 796 3301 872 3358; x_wconf 90' lang='lat' dir='ltr'>sunt</span> <span class='ocrx_word' id='word_1_221' title='bbox 902 3296 1047 3360; x_wconf 90' lang='lat' dir='ltr'>ordinem</span> <span class='ocrx_word' id='word_1_222' title='bbox 1075 3293 1321 3360; x_wconf 83' lang='lat' dir='ltr'>Cisterciensem</span> <span class='ocrx_word' id='word_1_223' title='bbox 1352 3294 1503 3378; x_wconf 86' lang='lat' dir='ltr'>professi,</span> 
     </span>
     <span class='ocr_line' id='line_1_27' title="bbox 231 3400 1503 3485; baseline -0.001 -20"><span class='ocrx_word' id='word_1_224' title='bbox 231 3407 398 3485; x_wconf 88' lang='lat' dir='ltr'>praestare</span> <span class='ocrx_word' id='word_1_225' title='bbox 421 3422 479 3482; x_wconf 90' lang='lat' dir='ltr'>pro</span> <span class='ocrx_word' id='word_1_226' title='bbox 507 3400 652 3482; x_wconf 89' lang='lat' dir='ltr'>qualibet</span> <span class='ocrx_word' id='word_1_227' title='bbox 679 3421 778 3464; x_wconf 91' lang='lat' dir='ltr'>causa</span> <span class='ocrx_word' id='word_1_228' title='bbox 801 3407 1074 3483; x_wconf 91' lang='lat' dir='ltr'>quatumcumque</span> <span class='ocrx_word' id='word_1_229' title='bbox 1102 3401 1192 3483; x_wconf 91' lang='lat' dir='ltr'>gravi</span> <span class='ocrx_word' id='word_1_230' title='bbox 1219 3400 1432 3482; x_wconf 84' lang='lat' dir='ltr'>corporaliter</span> <span class='ocrx_word' id='word_1_231' title='bbox 1454 3402 1503 3464; x_wconf 92' lang='lat' dir='ltr'>iu-</span> 
     </span>
     <span class='ocr_line' id='line_1_28' title="bbox 231 3505 1504 3589; baseline -0.001 -18"><span class='ocrx_word' id='word_1_232' title='bbox 231 3513 426 3586; x_wconf 87' lang='lat' dir='ltr'>ramentum,</span> <span class='ocrx_word' id='word_1_233' title='bbox 459 3506 549 3570; x_wconf 94' lang='lat' dir='ltr'>vobis</span> <span class='ocrx_word' id='word_1_234' title='bbox 581 3507 615 3569; x_wconf 91' lang='lat' dir='ltr'>in</span> <span class='ocrx_word' id='word_1_235' title='bbox 646 3505 707 3570; x_wconf 92' lang='lat' dir='ltr'>hoc</span> <span class='ocrx_word' id='word_1_236' title='bbox 740 3507 780 3570; x_wconf 92' lang='lat' dir='ltr'>ad</span> <span class='ocrx_word' id='word_1_237' title='bbox 814 3507 978 3589; x_wconf 90' lang='lat' dir='ltr'>exemplar</span> <span class='ocrx_word' id='word_1_238' title='bbox 1004 3507 1288 3589; x_wconf 87' lang='lat' dir='ltr'>praedecessorum</span> <span class='ocrx_word' id='word_1_239' title='bbox 1317 3513 1504 3572; x_wconf 89' lang='lat' dir='ltr'>nostrorum</span> 
     </span>
     <span class='ocr_line' id='line_1_29' title="bbox 231 3611 1504 3696; baseline 0 -20"><span class='ocrx_word' id='word_1_240' title='bbox 231 3619 380 3696; x_wconf 90' lang='lat' dir='ltr'>prompta</span> <span class='ocrx_word' id='word_1_241' title='bbox 401 3613 570 3678; x_wconf 88' lang='lat' dir='ltr'>voluntate</span> <span class='ocrx_word' id='word_1_242' title='bbox 593 3611 766 3676; x_wconf 83' lang='lat' dir='ltr'>deferimus</span> <span class='ocrx_word' id='word_1_243' title='bbox 790 3618 823 3676; x_wconf 92' lang='lat' dir='ltr'>et</span> <span class='ocrx_word' id='word_1_244' title='bbox 845 3613 930 3695; x_wconf 90' lang='lat' dir='ltr'>quod</span> <span class='ocrx_word' id='word_1_245' title='bbox 955 3635 1027 3677; x_wconf 90' lang='lat' dir='ltr'>oum</span> <span class='ocrx_word' id='word_1_246' title='bbox 1042 3612 1111 3678; x_wconf 92' lang='lat' dir='ltr'>Deo</span> <span class='ocrx_word' id='word_1_247' title='bbox 1130 3635 1301 3696; x_wconf 89' lang='lat' dir='ltr'>possumus</span> <span class='ocrx_word' id='word_1_248' title='bbox 1324 3613 1504 3678; x_wconf 91' lang='lat' dir='ltr'>remedium</span> 
     </span>
     <span class='ocr_line' id='line_1_30' title="bbox 232 3707 1504 3801; baseline 0 -17"><span class='ocrx_word' id='word_1_249' title='bbox 232 3719 431 3784; x_wconf 86' lang='lat' dir='ltr'>adhibemus</span> <span class='ocrx_word' id='word_1_250' title='bbox 487 3719 580 3784; x_wconf 91' lang='lat' dir='ltr'>Unde</span> <span class='ocrx_word' id='word_1_251' title='bbox 622 3720 698 3801; x_wconf 90' lang='lat' dir='ltr'>quia</span> <span class='ocrx_word' id='word_1_252' title='bbox 731 3741 750 3782; x_wconf 91' lang='lat' dir='ltr'>a</span> <span class='ocrx_word' id='word_1_253' title='bbox 789 3719 880 3784; x_wconf 91' lang='lat' dir='ltr'>vobis</span> <span class='ocrx_word' id='word_1_254' title='bbox 901 3707 937 3782; x_wconf 89' lang='grc'>14</span> <span class='ocrx_word' id='word_1_255' title='bbox 969 3721 1075 3783; x_wconf 85' lang='grc'>444414</span> <span class='ocrx_word' id='word_1_256' title='bbox 1104 3720 1265 3801; x_wconf 75' lang='grc'>4141111144,</span> <span class='ocrx_word' id='word_1_257' title='bbox 1302 3742 1366 3785; x_wconf 91' lang='grc'>444</span> <span class='ocrx_word' id='word_1_258' title='bbox 1399 3720 1504 3784; x_wconf 91' lang='lat' dir='ltr'>solum</span> 
     </span>
     <span class='ocr_line' id='line_1_31' title="bbox 233 3807 1503 3907; baseline 0 -17"><span class='ocrx_word' id='word_1_259' title='bbox 233 3825 274 3890; x_wconf 84' lang='lat' dir='ltr'>ab</span> <span class='ocrx_word' id='word_1_260' title='bbox 311 3826 538 3890; x_wconf 87' lang='lat' dir='ltr'>ecclesiasticis</span> <span class='ocrx_word' id='word_1_261' title='bbox 576 3807 768 3889; x_wconf 81' lang='lat' dir='ltr'>sedetiam</span> <span class='ocrx_word' id='word_1_262' title='bbox 805 3847 824 3888; x_wconf 91' lang='lat' dir='ltr'>a</span> <span class='ocrx_word' id='word_1_263' title='bbox 861 3825 1060 3889; x_wconf 90' lang='lat' dir='ltr'>secularibus</span> <span class='ocrx_word' id='word_1_264' title='bbox 1095 3827 1186 3907; x_wconf 88' lang='lat' dir='ltr'>viris,</span> <span class='ocrx_word' id='word_1_265' title='bbox 1225 3827 1309 3890; x_wconf 89' lang='lat' dir='ltr'>sicut</span> <span class='ocrx_word' id='word_1_266' title='bbox 1346 3827 1503 3906; x_wconf 88' lang='lat' dir='ltr'>asseritis,</span> 
     </span>
     <span class='ocr_line' id='line_1_32' title="bbox 233 3931 1504 4013; baseline 0 -17"><span class='ocrx_word' id='word_1_267' title='bbox 233 3933 412 3997; x_wconf 90' lang='lat' dir='ltr'>calumniae</span> <span class='ocrx_word' id='word_1_268' title='bbox 442 3933 658 3996; x_wconf 89' lang='lat' dir='ltr'>iuramentum</span> <span class='ocrx_word' id='word_1_269' title='bbox 686 3932 838 4013; x_wconf 88' lang='lat' dir='ltr'>exigitur,</span> <span class='ocrx_word' id='word_1_270' title='bbox 872 3954 929 3996; x_wconf 91' lang='lat' dir='ltr'>nos</span> <span class='ocrx_word' id='word_1_271' title='bbox 962 3931 1052 3995; x_wconf 91' lang='lat' dir='ltr'>vobis</span> <span class='ocrx_word' id='word_1_272' title='bbox 1081 3932 1121 3997; x_wconf 93' lang='lat' dir='ltr'>ob</span> <span class='ocrx_word' id='word_1_273' title='bbox 1143 3934 1358 3996; x_wconf 89' lang='lat' dir='ltr'>reverentiam</span> <span class='ocrx_word' id='word_1_274' title='bbox 1381 3932 1504 3997; x_wconf 84' lang='lat' dir='ltr'>ordinis</span> 
     </span>
     <span class='ocr_line' id='line_1_33' title="bbox 232 4037 1504 4122; baseline 0.002 -23"><span class='ocrx_word' id='word_1_275' title='bbox 232 4040 340 4119; x_wconf 89' lang='lat' dir='ltr'>vestri,</span> <span class='ocrx_word' id='word_1_276' title='bbox 365 4038 448 4102; x_wconf 90' lang='lat' dir='ltr'>sicut</span> <span class='ocrx_word' id='word_1_277' title='bbox 476 4037 819 4120; x_wconf 88' lang='lat' dir='ltr'>apraedecessoribus</span> <span class='ocrx_word' id='word_1_278' title='bbox 847 4038 966 4103; x_wconf 86' lang='lat' dir='ltr'>nostris</span> <span class='ocrx_word' id='word_1_279' title='bbox 995 4044 1152 4102; x_wconf 89' lang='lat' dir='ltr'>statutum</span> <span class='ocrx_word' id='word_1_280' title='bbox 1183 4045 1245 4119; x_wconf 88' lang='lat' dir='ltr'>est,</span> <span class='ocrx_word' id='word_1_281' title='bbox 1278 4038 1504 4122; x_wconf 89' lang='lat' dir='ltr'>praesentibus</span> 
     </span>
     <span class='ocr_line' id='line_1_34' title="bbox 233 4143 1504 4228; baseline 0.001 -20"><span class='ocrx_word' id='word_1_282' title='bbox 233 4146 348 4209; x_wconf 88' lang='lat' dir='ltr'>litteris</span> <span class='ocrx_word' id='word_1_283' title='bbox 371 4144 583 4227; x_wconf 87' lang='lat' dir='ltr'>indulgemus,</span> <span class='ocrx_word' id='word_1_284' title='bbox 608 4150 645 4207; x_wconf 94' lang='lat' dir='ltr'>ut</span> <span class='ocrx_word' id='word_1_285' title='bbox 666 4144 765 4208; x_wconf 87' lang='lat' dir='ltr'>liceat</span> <span class='ocrx_word' id='word_1_286' title='bbox 786 4144 877 4208; x_wconf 90' lang='lat' dir='ltr'>vobis</span> <span class='ocrx_word' id='word_1_287' title='bbox 901 4143 1041 4225; x_wconf 88' lang='lat' dir='ltr'>aliquem</span> <span class='ocrx_word' id='word_1_288' title='bbox 1060 4145 1211 4209; x_wconf 85' lang='lat' dir='ltr'>clericum</span> <span class='ocrx_word' id='word_1_289' title='bbox 1229 4145 1407 4209; x_wconf 88' lang='lat' dir='ltr'>secularem</span> <span class='ocrx_word' id='word_1_290' title='bbox 1429 4166 1504 4228; x_wconf 89' lang='lat' dir='ltr'>yco-</span> 
     </span>
     <span class='ocr_line' id='line_1_35' title="bbox 218 4249 1504 4335; baseline 0.002 -22"><span class='ocrx_word' id='word_1_291' title='bbox 218 4273 362 4316; x_wconf 90' lang='lat' dir='ltr'>-nomum</span> <span class='ocrx_word' id='word_1_292' title='bbox 380 4251 558 4331; x_wconf 90' lang='lat' dir='ltr'>instituere,</span> <span class='ocrx_word' id='word_1_293' title='bbox 578 4271 636 4332; x_wconf 88' lang='lat' dir='ltr'>per</span> <span class='ocrx_word' id='word_1_294' title='bbox 655 4271 750 4331; x_wconf 89' lang='lat' dir='ltr'>quem</span> <span class='ocrx_word' id='word_1_295' title='bbox 769 4249 802 4311; x_wconf 92' lang='lat' dir='ltr'>in</span> <span class='ocrx_word' id='word_1_296' title='bbox 822 4249 968 4314; x_wconf 91' lang='lat' dir='ltr'>civilibus</span> <span class='ocrx_word' id='word_1_297' title='bbox 988 4252 1094 4315; x_wconf 85' lang='lat' dir='ltr'>causis</span> <span class='ocrx_word' id='word_1_298' title='bbox 1108 4251 1280 4334; x_wconf 89' lang='lat' dir='ltr'>praestetis</span> <span class='ocrx_word' id='word_1_299' title='bbox 1300 4251 1504 4335; x_wconf 91' lang='lat' dir='ltr'>calumpniae</span> 
     </span>
     <span class='ocr_line' id='line_1_36' title="bbox 233 4354 1175 4422; baseline 0.002 -2"><span class='ocrx_word' id='word_1_300' title='bbox 233 4359 456 4421; x_wconf 89' lang='lat' dir='ltr'>iuramentum.</span> <span class='ocrx_word' id='word_1_301' title='bbox 503 4356 625 4420; x_wconf 90' lang='lat' dir='ltr'>Datum</span> <span class='ocrx_word' id='word_1_302' title='bbox 648 4354 815 4419; x_wconf 86' lang='lat' dir='ltr'>Ferentini</span> <span class='ocrx_word' id='word_1_303' title='bbox 838 4354 868 4419; x_wconf 89' lang='lat' dir='ltr'>V</span> <span class='ocrx_word' id='word_1_304' title='bbox 891 4355 969 4421; x_wconf 89' lang='lat' dir='ltr'>Idus</span> <span class='ocrx_word' id='word_1_305' title='bbox 992 4356 1175 4422; x_wconf 86' lang='lat' dir='ltr'>Februarii.</span> 
     </span>
    </p>
   </div>
   <div class='ocr_carea' id='block_1_7' title="bbox 324 4568 511 4623">
    <p class='ocr_par' dir='ltr' id='par_1_8' title="bbox 324 4568 511 4623">
     <span class='ocr_line' id='line_1_37' title="bbox 324 4568 511 4623; baseline -0.016 0"><span class='ocrx_word' id='word_1_306' title='bbox 324 4571 330 4599; x_wconf 93' lang='lat'>¹</span> <span class='ocrx_word' id='word_1_307' title='bbox 351 4568 511 4623; x_wconf 83' lang='lat' dir='ltr'>Rodulfum.</span> 
     </span>
    </p>
   </div>
   <div class='ocr_carea' id='block_1_8' title="bbox 0 0 1568 5056">
    <p class='ocr_par' dir='ltr' id='par_1_9' title="bbox 0 0 1568 5056">
     <span class='ocr_line' id='line_1_38' title="bbox 0 0 1568 5056; baseline 0 0"><span class='ocrx_word' id='word_1_308' title='bbox 0 0 1568 5056; x_wconf 95' lang='lat' dir='ltr'> </span> 
     </span>
    </p>
   </div>
  </div>
 </body>
</html>
