3098 5056
390 265 580 319 Auxanum
598 277 623 316 11
641 277 809 318 nrrsronan
827 264 869 318 93.
899 264 941 318 94.
970 264 1004 318 95
1298 248 1339 310 47

57 431 117 495 93.
144 429 314 489 Abrcader
336 430 372 488 Il
390 429 505 489 Heliseo
528 430 669 504 episeopo,
693 429 907 502 ereleidioeoao,
931 429 1189 487 sirbercbidioeoao
1212 429 1342 488 ecclesiae

143 536 331 596 Mantua-ace
353 555 512 612 wrunzque
534 536 747 594 successoribus
769 555 860 593 risum
882 536 988 593 mitrae
1010 534 1143 594 concedit

408 637 477 692 0011.
497 637 565 691 Brit.
586 637 667 691 Alex.
687 654 729 707 ep.
749 637 792 703 28,
811 637 828 690 l.
848 637 866 690 l.
885 636 931 690 fol.
950 638 994 690 43.

144 760 335 827 Alexander
347 761 480 826 Heliseo
494 761 673 827 Mantuano
693 763 854 845 episcopo.
892 761 999 843 Anno,
1019 761 1249 825 dilectissimus
1267 784 1340 827 con·
1402 765 1487 824 1064

58 872 157 935 frater
181 875 295 935 noster
315 874 347 932 et
366 868 628 950 archiepiscopus
649 874 760 932 sancte
776 867 995 933 Coloniensis⁸
1018 868 1163 948 ecclesie,
1184 889 1241 932 seu
1258 868 1341 933 Bea-
1364 854 1522 914 c.Iun.1.1

57 981 119 1042 trix
144 977 328 1057 comitissa,
362 975 481 1038 dilecta
513 974 580 1037 filia
613 981 739 1055 nostra,
774 980 920 1039 nostram
953 974 1103 1038 adierunt
1135 974 1341 1038 clementiam

58 1085 262 1168 postulantes
287 1088 320 1146 et
343 1082 569 1164 deprecantes,
599 1083 752 1164 qrratinus
781 1103 892 1146 eorum
923 1081 1084 1164 peticione
1113 1086 1146 1144 et
1169 1081 1340 1146 dilectione

57 1192 115 1255 tibi
138 1192 272 1272 tuisque
297 1186 536 1253 successoribus
556 1189 660 1252 sancti
678 1188 770 1252 Petri
793 1187 944 1252 fidelibus
968 1193 1089 1269 tuoque
1113 1188 1340 1253 archidiacono

58 1305 154 1380 atque
179 1295 472 1360 subarohidiacono
495 1295 688 1377 iHorumque
713 1294 965 1375 successoribus
983 1294 1209 1358 obedientibus
1229 1301 1341 1359 sancte

56 1405 226 1469 Romanae
251 1402 330 1482 sedi,
355 1402 388 1464 in
412 1402 574 1484 precipuis
599 1401 830 1466 festivitatibus
854 1400 895 1464 ad
915 1400 1057 1465 officium
1075 1401 1198 1465 scilicet
1221 1403 1340 1466 missae

57 1511 224 1574 licentiam
248 1508 361 1572 utendi
384 1509 482 1571 mitra
509 1529 567 1590 pro
600 1508 825 1572 benedictione
855 1508 958 1570 sancti
978 1507 1068 1570 Petri
1093 1508 1268 1572 concedere
1294 1508 1340 1570 di-

56 1637 242 1698 gnaremur.
288 1613 383 1678 Unde
406 1614 501 1677 iustis
529 1615 745 1698 peticionibus
779 1635 889 1678 eorum
915 1613 1010 1694 digne
1046 1615 1269 1695 aquiescentes
1302 1637 1341 1678 ao

57 1724 197 1804 benigue
221 1719 526 1800 condescendentes,
550 1721 610 1784 tibi
634 1727 755 1802 tuoque
784 1720 1033 1806 archidiaconio)
1062 1726 1095 1783 et
1119 1720 1340 1784 subarohidia-

55 1851 136 1895 cono
160 1828 344 1908 vestrisque
373 1827 627 1908 successoribus,
661 1827 754 1891 nobis
782 1827 966 1907 nostrisque
996 1826 1236 1891 successoribus
1265 1826 1340 1891 obe-

55 1935 233 2015 dientibuS,
254 1938 440 1998 sanctorum
459 1933 680 2016 apostolorum
694 1934 785 1997 Petri
806 1941 838 1997 et
850 1932 945 1996 Pauli
965 1934 1160 2004 auctoritate
1178 1938 1211 1996 et
1229 1938 1340 1996 nostra

55 2041 280 2125 supradictam
299 2040 465 2104 licentiam
484 2046 517 2103 et
535 2040 793 2105 benedictionem
813 2039 1018 2104 concedimus
1037 2061 1076 2102 ac
1101 2040 1339 2122 imperpetuum

52 2147 242 2212 habendam
266 2145 503 2211 confirmamus.

52 2329 120 2394 94.
145 2331 309 2389 Alecoader
324 2331 359 2388 ΙΙ
373 2330 556 2388 Reioeldiem
583 2330 751 2404 episcopum
778 2331 948 2389 Contensem
965 2329 1117 2403 vituperet,
1141 2329 1219 2404 qood
1240 2336 1340 2388 contra

147 2437 402 2509 caricationem,
430 2436 464 2494 ia
487 2437 597 2512 synodo
616 2437 783 2495 Mantuano
809 2437 932 2512 scetem,
957 2437 991 2493 io
1014 2436 1077 2494 eius
1096 2436 1263 2511 episcopata
1286 2455 1339 2494 on-

146 2544 248 2602 eraretis
265 2543 394 2618 pecunia
414 2561 469 2618 pro
492 2544 648 2602 claisiacte
666 2543 805 2618 carpatur.

406 2643 474 2698 Ooll.
494 2645 562 2698 Brit.
581 2644 663 2697 Alex.
683 2660 724 2714 ep.
745 2646 788 2710 63,
807 2643 825 2697 l.
844 2644 862 2696 l.
882 2643 928 2698 fol.
948 2644 991 2698 49.

147 2768 310 2834 Rainaldo
343 2768 487 2834 Cumano
526 2769 687 2851 episcopo.
738 2768 891 2831 Relatum
926 2768 1103 2850 apostolice
1136 2767 1218 2849 sedi,
1253 2768 1339 2849 quod
1359 2777 1499 2836 1064021.

55 2878 128 2940 sine
151 2877 242 2957 gravi
266 2897 391 2941 merore
414 2898 478 2940 non
503 2875 688 2956 didicimuS,
718 2875 757 2938 de
782 2875 947 2955 crismate,
979 2873 1064 2937 unde
1092 2874 1224 2955 religiob
1248 2873 1338 2938 Chri-

54 2984 166 3046 stiana
189 2981 409 3063 confirmatur,
435 2988 549 3047 contra
572 2986 697 3045 statuta
720 2989 906 3045 sanctorum
934 2986 1063 3064 patrum
1087 2981 1260 3044 annualem
1284 3002 1338 3064 pe-

55 3091 188 3152 cuniam
212 3089 306 3170 exigi.
344 3088 438 3153 Unde
462 3090 496 3152 in
518 3089 715 3152 Mantuana⁰
739 3088 872 3152 sin0d02
895 3095 927 3152 te
952 3087 1186 3167 admonuimus,
1212 3092 1338 3150 uttam

56 3195 286 3259 detestabilem
309 3196 449 3259 heresim
472 3196 505 3258 in
530 3196 719 3278 episcopatu
742 3200 798 3258 tuo
822 3192 892 3257 fieri
915 3194 1051 3257 ulterius
1080 3215 1144 3256 non
1173 3195 1338 3275 permitte-

55 3323 120 3366 res,
150 3300 245 3382 Quod
265 3302 342 3383 quia
360 3301 540 3383 neglexisti,
565 3300 733 3383 quidinde
750 3301 915 3382 merearis
936 3301 1004 3383 ipse
1024 3298 1186 3383 perpende
1211 3305 1243 3362 et
1265 3321 1337 3382 per-

55 3408 202 3492 pendens
222 3408 269 3470 ita
289 3407 460 3489 diligenter
478 3408 613 3489 corrige,
638 3412 724 3470 utet
742 3407 865 3471 heresis
884 3406 1070 3471 venalitatis
1090 3404 1238 3469 omninod
1257 3417 1338 3470 none

55 3519 239 3594 remaneat,
282 3519 379 3595 teque
415 3519 568 3596 precepto
606 3513 784 3595 apostolice
825 3513 910 3576 sedis
951 3512 1156 3577 obedientem
1192 3513 1337 3577 ext'tisse

56 3620 220 3686 ostendas

56 3802 117 3867 95.
145 3802 311 3861 Abacuder
332 3801 368 3859 ΙΙ
390 3802 483 3877 saetas
506 3803 541 3860 ab
564 3803 687 3876 Hesperie
714 3801 886 3861 Oemcteasi
909 3800 1108 3859 ordinationes
1137 3806 1163 3858 et
1185 3801 1337 3860 dedicatio-

144 3929 199 3968 nes
221 3908 324 3967 irritos
347 3908 507 3967 denuntiat.
545 3908 623 3966 Eb'us
646 3909 797 3985 complicas
819 3907 1056 3967 criotliemotiaet.

406 4009 474 4064 Ooll.
495 4009 563 4063 Brit.
582 4010 662 4063 Alex.
682 4026 724 4079 ep.
744 4009 788 4075 44,
806 4007 824 4059 l.
844 4005 861 4059 l.
882 4005 931 4062 fol.
947 4010 990 4062 46.

144 4133 293 4216 Hugonif
314 4132 515 4199 Carnotensi.
563 4131 791 4198 Ordinationes
820 4138 852 4196 et
883 4133 1103 4197 dedicationes
1128 4137 1160 4195 et
1184 4131 1480 4214 quioquid1053-

1366 4241 1460 4299 1065.

144 4320 155 4343 ⁸
175 4315 321 4364 colonensis
339 4333 359 4365 c.
432 4311 444 4343 h
459 4325 515 4376 post
533 4314 621 4376 religio
639 4332 683 4362 coa
702 4318 786 4361 nostra
804 4324 845 4362 aot
863 4318 947 4362 vestra
964 4331 1033 4361 erasa
1051 4323 1090 4361 est.
1168 4317 1178 4339 ⁰
1197 4314 1302 4360 Mantua
1316 4331 1335 4362 o.

52 4401 65 4432 ¹¹
82 4404 170 4453 omino
189 4422 209 4452 e.
270 4408 281 4432 ⁰
299 4419 349 4452 non
367 4414 427 4452 recte
444 4407 514 4452 adda
532 4407 626 4464 Biahop.
692 4399 750 4450 faa
768 4403 935 4465 Hildegario?
955 4405 986 4464 of.
1006 4405 1069 4464 Jaffc'
1086 4405 1143 4462 Iley.
1156 4403 1193 4448 ed.
1206 4399 1336 4462 17123396.

146 4506 219 4561 lDe
238 4513 363 4578 tempore
387 4505 451 4561 vide
468 4505 565 4560 Euald
588 4506 618 4559 in
636 4505 730 4560 Neues
749 4504 831 4559 Aroh.
852 4505 887 4560 V.
908 4506 960 4560 334
978 4523 1005 4558 n.
1026 4507 1049 4557 1.
1142 4504 1152 4534 ²
1170 4504 1235 4557 Mai.
1257 4506 1288 4558 31
1309 4511 1338 4559 et

51 4595 117 4649 Iun.
137 4598 160 4648 1.
