3098 5056
463 260 553 315 Lucn
571 275 609 314 111
627 274 794 316 mucronis
812 262 873 316 362.
892 262 944 316 363
1278 251 1341 313 219

64 420 118 500 vit,
143 418 282 482 eundem
301 417 353 482 W.
373 421 638 501 praenominatae
657 423 798 486 vicariae
816 423 886 485 iure
910 421 1058 487 omnibus
1082 423 1186 488 modis
1208 426 1341 508 privetis
1361 424 1529 485 1181-85·

64 532 96 589 et
117 532 334 590 memoratum
357 525 419 589 Ha.
445 527 599 591 ccclesias
623 529 764 610 easdem,
795 530 823 592 si
846 528 888 592 ad
912 549 985 592 eum
1008 530 1078 593 iure
1101 532 1264 612 pertinere
1286 554 1342 597 no-

64 638 206 713 scantur,
238 652 311 695 cum
335 633 420 696 omni
443 633 632 717 integritate
655 635 821 718 possidere
849 634 977 698 faciatis
1001 655 1060 699 nec
1087 637 1194 719 ipsum
1222 659 1242 702 a
1265 659 1342 719 quo-

63 759 161 820 quam
186 737 301 803 exinde
325 739 408 803 citra
431 738 568 804 formam
590 741 670 805 iuris
694 741 862 806 molestari
880 742 1089 824 permittatis.
1127 745 1230 809 Porro
1254 746 1281 808 si
1304 744 1343 808 iis

64 843 278 927 exsequendis
303 851 383 909 etc.¹¹

63 1078 150 1144 362.
174 1079 290 1138 Dacius
316 1081 369 1139 III
398 1082 613 1158 T(beobaldam)
647 1083 814 1158 episcopam
845 1084 1076 1144 Ambioneasem
1109 1093 1134 1144 et
1166 1073 1343 1160 mopistrwm

175 1187 210 1244 R.
226 1186 308 1246 Polot
329 1187 440 1246 iudces
462 1189 614 1248 constituit
635 1190 712 1248 inter
735 1190 884 1248 ecclesiam
897 1191 1114 1250 Atrdotonsem
1133 1198 1159 1250 et
1176 1192 1343 1268 episcopam

175 1293 384 1352 Maliaco-scm

189 1394 261 1449 nin.
281 1400 338 1450 nat.
357 1395 443 1450 raas.
464 1395 589 1450 onaan.
609 1384 736 1453 atrebat.
756 1415 777 1452 s.
796 1412 866 1452 xm.
889 1416 940 1452 ms.
959 1398 1007 1453 iae.
1027 1399 1106 1454 oceo.
1134 1399 1181 1454 foi.
1202 1402 1225 1454 7.

150 1555 273 1620 Lucius
298 1557 467 1639 episcopus
492 1577 604 1620 servus
628 1578 794 1622 servorum
817 1557 880 1622 Dei
908 1559 1085 1623 venerabili
1106 1522 1207 1624 batn
1230 1560 1343 1645 T(he0-
1364 1567 1528 1627 1181-85.

62 1664 173 1748 baldo)
196 1661 408 1726 Ambianensi
437 1663 588 1747 episcopo
618 1665 669 1728 etl
702 1665 818 1730 dilecto
842 1663 909 1729 filio
932 1667 1087 1748 magistro
1111 1666 1150 1730 R.
1175 1667 1271 1732 Polet
1293 1690 1343 1733 sa-

62 1770 163 1834 lntem
196 1775 229 1833 et
261 1769 473 1851 apostolicam
506 1769 773 1835 benedictionem.
820 1771 872 1834 Ex
894 1777 987 1853 parte
1015 1773 1209 1837 venerabilis
1233 1773 1344 1838 fratris

62 1877 165 1941 nostri
189 1876 352 1958 episcopi1
376 1883 409 1940 et
432 1875 623 1940 dilectorum
651 1860 791 1943 filiorum
821 1882 1049 1944 canonicorum
1077 1880 1345 1945 Atrebatensium

62 1983 229 2066 querelam
252 1984 450 2065 accepimuS,
475 1985 577 2066 quod,
608 2005 682 2048 cum
705 1986 938 2049 monasterium
962 1985 1001 2050 de
1024 1985 1148 2051 Zoches
1171 1986 1257 2051 infra
1279 1995 1344 2053 ter-

62 2092 166 2155 minos
191 2111 302 2154 eorum
326 2089 463 2154 diocesis
490 2092 634 2173 positum
662 2091 704 2154 ad
727 2091 815 2175 ipsos
845 2098 878 2156 et
899 2092 1151 2157 Atrebatensem
1175 2095 1344 2160 ecclesiam

63 2202 203 2280 spectet,
236 2196 429 2260 venerabilis
462 2196 564 2262 frater
592 2204 704 2262 noster
726 2198 920 2263 Morinensis
950 2202 1149 2282 episcopus2,
1174 2201 1344 2266 cenobium

62 2305 173 2368 dicens
198 2302 279 2366 illud
302 2302 344 2366 ad
364 2323 397 2366 se
416 2305 587 2386 pertinere,
612 2310 687 2386 post
701 2305 953 2387 appellationem
968 2305 1010 2369 ad
1023 2328 1082 2370 nos
1098 2306 1219 2371 factam
1238 2309 1344 2391 ipsum

61 2417 176 2476 contra
208 2410 407 2474 voluntatem
441 2430 551 2473 eorum
585 2410 735 2476 dedicare
768 2413 996 2494 praesumpsit.
1042 2411 1109 2477 Nos
1142 2414 1252 2496 itaque
1282 2414 1344 2479 iuri

60 2519 233 2598 utriusque
256 2516 359 2598 partis
383 2515 552 2598 providere
577 2518 730 2599 volentes,
763 2539 803 2582 nc
836 2520 1080 2601 episcopatuum
1103 2518 1184 2585 fines
1211 2527 1345 2603 propter

60 2624 281 2690 dissensiones
301 2629 334 2687 ct
357 2622 585 2688 altercationes
603 2624 788 2689 huiusmodi
808 2625 1055 2707 confundantur,
1081 2626 1268 2691 discretioni
1291 2649 1343 2692 ve-

61 2739 150 2797 strae
182 2751 242 2813 per
274 2729 452 2812 apostolica
485 2730 608 2813 scripta
640 2729 846 2812 mandamus,
881 2732 1033 2813 quatinus
1063 2733 1105 2796 ad
1132 2733 1197 2797 iam
1221 2733 1343 2797 dictum

59 2840 170 2905 locum
201 2836 325 2919 pariter
354 2835 559 2918 accedentes,
594 2858 677 2918 quae
705 2837 796 2902 vobis
825 2837 867 2901 ab
895 2844 1033 2920 utraque
1060 2846 1153 2922 parte
1177 2841 1343 2923 proposita

59 2946 193 3025 fuerint,
211 2943 396 3024 diligentius
416 2942 557 3006 audiatis
577 2949 610 3007 et
628 2945 713 3007 inter
732 2965 796 3025 eon,
817 2944 902 3026 quod
926 2945 1047 3008 iustum
1066 2945 1173 3027 fuerit,
1193 2946 1342 3010 iudicetis

61 3060 94 3117 et
116 3050 338 3135 praecipiatis,
372 3049 459 3131 quod
491 3049 670 3113 iudicatum
703 3049 815 3131 fuerit,
850 3050 891 3114 ab
919 3057 1056 3134 utraque
1080 3059 1172 3136 parte
1201 3053 1343 3135 appella·

62 3161 153 3224 tione
176 3162 302 3222 remota
325 3157 456 3221 servari.

64 3393 152 3458 363.
176 3393 291 3451 meaos
313 3392 365 3450 ΙΙΙ
383 3392 514 3466 episcopo
536 3393 731 3452 Bathoniensi
754 3401 779 3453 et
808 3394 905 3453 abbati
926 3395 1149 3454 Abboadooeasi
1179 3395 1280 3455 scribit
1311 3397 1345 3454 do

177 3501 212 3558 R.
242 3500 343 3558 clerico
372 3518 390 3557 a
412 3499 556 3574 fratribus
583 3500 616 3558 dc
638 3499 785 3558 mesiam
808 3501 975 3559 dioecesano
998 3502 1129 3576 episcopo
1150 3509 1344 3577 praesentate.
1451 3563 1454 3568 ,

226 3615 297 3673 Bibl.
316 3623 374 3672 nat.
393 3617 479 3671 Paris.
499 3635 550 3671 ms.
570 3617 619 3672 lat.
640 3619 734 3673 16992.
758 3618 805 3673 fol.
825 3620 885 3673 221.
915 3619 1031 3690 Scripsit
1049 3621 1185 3676 Martene.

152 3779 276 3844 Lucius
300 3799 386 3861 papa
399 3777 452 3841 ΠΙ
471 3778 684 3843 Bathoniensi
703 3781 872 3862 episcopo3
891 3787 924 3844 et
942 3780 1055 3845 abbati
1075 3781 1113 3845 de
1128 3780 1342 3846 Habendnne.
1364 3797 1528 3857 1181-85,

63 3888 115 3952 Ex
147 3887 379 3968 conquestione
402 3884 442 3949 R.
476 3884 586 3949 clerici
609 3886 702 3950 nobis
730 3887 880 3968 innotuit,
914 3886 1010 3969 quod,
1044 3909 1117 3951 cum
1145 3888 1255 3951 dilecti
1284 3887 1343 3952 filii

62 3995 169 4059 nostri
192 3992 330 4057 abbates
354 3999 386 4057 et
409 3991 559 4055 monachi
583 3991 621 4055 de
640 3991 812 4073 Evesham,
838 3993 879 4056 ad
903 4015 984 4075 quos
1003 3995 1053 4058 ius
1072 3995 1342 4076 praesentationis

64 4101 222 4166 ecclesiae
250 4099 289 4164 de
317 4099 507 4164 Modintune
541 4099 698 4182 asseritur
731 4100 906 4181 pertinere,
946 4121 1018 4163 eum
1053 4100 1243 4166 diocoesano
1276 4101 1342 4183 epi·

63 4230 161 4291 scopo
185 4204 463 4289 praesentassent,
487 4205 540 4269 B.⁰
564 4205 683 4286 dictus,
707 4205 794 4270 filins
817 4206 918 4289 ipsius
944 4205 983 4271 G.
1009 4207 1200 4288 sacerdotis,
1231 4208 1343 4289 quiin

63 4314 180 4379 eadem
204 4312 340 4377 ecclesia
363 4313 507 4395 proxime
521 4313 727 4393 ministravit,
753 4333 824 4376 eam
840 4313 983 4377 detincre
997 4314 1176 4396 praesumit
1200 4320 1232 4377 et
1250 4335 1341 4397 prae-

114 4490 116 4495 ·
153 4498 167 4522 ·
183 4497 218 4543 aa
235 4496 319 4542 aona
335 4497 361 4542 a
378 4496 429 4543 aa.
503 4491 559 4541 bet
577 4495 669 4541 auaui
742 4494 801 4542 cn.
821 4496 882 4555 aa,
902 4513 933 4542 aa
951 4494 1103 4543 Benedictus
1122 4497 1241 4556 naricum
1258 4462 1332 4544 aa

155 4596 330 4652 1Frumoldi
347 4596 367 4663 †
387 4597 455 4651 1183
474 4597 532 4652 sive
550 4596 634 4651 Petri.
715 4595 726 4625 ²
744 4596 913 4651 Desiderius.
987 4597 998 4628 ⁸
1016 4597 1181 4668 Reginaldo
