<?xml version="1.0" encoding="UTF-8"?>
<!DOCTYPE html PUBLIC "-//W3C//DTD XHTML 1.0 Transitional//EN"
    "http://www.w3.org/TR/xhtml1/DTD/xhtml1-transitional.dtd">
<html xmlns="http://www.w3.org/1999/xhtml" xml:lang="en" lang="en">
 <head>
  <title>
</title>
<meta http-equiv="Content-Type" content="text/html;charset=utf-8" />
  <meta name='ocr-system' content='tesseract 3.04.00' />
  <meta name='ocr-capabilities' content='ocr_page ocr_carea ocr_par ocr_line ocrx_word'/>
</head>
<body>
  <div class='ocr_page' id='page_1' title='image "./epistolaepontif00popegoog_0206.png"; bbox 0 0 3098 5056; ppageno 0'>
   <div class='ocr_carea' id='block_1_1' title="bbox 444 251 1334 320">
    <p class='ocr_par' dir='ltr' id='par_1_1' title="bbox 444 251 1334 320">
     <span class='ocr_line' id='line_1_1' title="bbox 444 251 1334 320; baseline -0.008 0"><span class='ocrx_word' id='word_1_1' title='bbox 444 267 634 320; x_wconf 74' lang='lat' dir='ltr'>Annxnvnm</span> <span class='ocrx_word' id='word_1_2' title='bbox 652 279 690 318; x_wconf 91' lang='lat'>111</span> <span class='ocrx_word' id='word_1_3' title='bbox 708 278 877 320; x_wconf 68' lang='grc'><strong>1111111111</strong></span> <span class='ocrx_word' id='word_1_4' title='bbox 895 265 946 319; x_wconf 85' lang='grc'>321</span> <span class='ocrx_word' id='word_1_5' title='bbox 1273 251 1334 313; x_wconf 86' lang='grc'>189</span> 
     </span>
    </p>
   </div>
   <div class='ocr_carea' id='block_1_2' title="bbox 52 424 1489 3919">
    <p class='ocr_par' dir='ltr' id='par_1_2' title="bbox 52 424 1489 3919">
     <span class='ocr_line' id='line_1_2' title="bbox 57 424 1489 510; baseline -0.003 -18"><span class='ocrx_word' id='word_1_6' title='bbox 57 427 168 492; x_wconf 90' lang='lat' dir='ltr'>rabilis</span> <span class='ocrx_word' id='word_1_7' title='bbox 192 426 304 491; x_wconf 89' lang='lat' dir='ltr'>fratris</span> <span class='ocrx_word' id='word_1_8' title='bbox 323 426 427 491; x_wconf 78' lang='lat' dir='ltr'>nostri</span> <span class='ocrx_word' id='word_1_9' title='bbox 444 425 647 510; x_wconf 87' lang='lat' dir='ltr'>B(erneredi)</span> <span class='ocrx_word' id='word_1_10' title='bbox 665 425 849 490; x_wconf 88' lang='lat' dir='ltr'>Prenestini</span> <span class='ocrx_word' id='word_1_11' title='bbox 868 426 1021 509; x_wconf 85' lang='lat' dir='ltr'>episcopi,</span> <span class='ocrx_word' id='word_1_12' title='bbox 1046 425 1112 489; x_wconf 92' lang='lat' dir='ltr'>iam</span> <span class='ocrx_word' id='word_1_13' title='bbox 1134 424 1260 507; x_wconf 85' lang='lat' dir='ltr'>pridem</span> <span class='ocrx_word' id='word_1_14' title='bbox 1282 445 1334 490; x_wconf 92' lang='lat' dir='ltr'>ve·</span> <span class='ocrx_word' id='word_1_15' title='bbox 1354 424 1489 487; x_wconf 74' lang='grc'><strong>1111111.</strong></span> 
     </span>
     <span class='ocr_line' id='line_1_3' title="bbox 56 513 1334 616; baseline -0.002 -18"><span class='ocrx_word' id='word_1_16' title='bbox 56 533 196 598; x_wconf 83' lang='lat' dir='ltr'>nerabili</span> <span class='ocrx_word' id='word_1_17' title='bbox 227 531 322 597; x_wconf 79' lang='lat' dir='ltr'>fratri</span> <span class='ocrx_word' id='word_1_18' title='bbox 355 538 482 613; x_wconf 88' lang='lat' dir='ltr'>nostro,</span> <span class='ocrx_word' id='word_1_19' title='bbox 516 529 660 616; x_wconf 84' lang='lat' dir='ltr'>S(imoni)</span> <span class='ocrx_word' id='word_1_20' title='bbox 690 534 841 615; x_wconf 88' lang='lat' dir='ltr'>episcopo</span> <span class='ocrx_word' id='word_1_21' title='bbox 869 539 977 598; x_wconf 92' lang='lat' dir='ltr'>vestro</span> <span class='ocrx_word' id='word_1_22' title='bbox 1009 513 1132 614; x_wconf 90' lang='lat' dir='ltr'>scripta</span> <span class='ocrx_word' id='word_1_23' title='bbox 1159 530 1334 596; x_wconf 83' lang='lat' dir='ltr'>direximus</span> 
     </span>
     <span class='ocr_line' id='line_1_4' title="bbox 56 636 1335 721; baseline -0.003 -16"><span class='ocrx_word' id='word_1_24' title='bbox 56 640 236 721; x_wconf 85' lang='lat' dir='ltr'>credentes,</span> <span class='ocrx_word' id='word_1_25' title='bbox 252 660 324 704; x_wconf 92' lang='lat' dir='ltr'>eum</span> <span class='ocrx_word' id='word_1_26' title='bbox 339 639 382 704; x_wconf 89' lang='lat' dir='ltr'>ad</span> <span class='ocrx_word' id='word_1_27' title='bbox 399 636 591 703; x_wconf 88' lang='lat' dir='ltr'>mandatum</span> <span class='ocrx_word' id='word_1_28' title='bbox 610 637 824 720; x_wconf 87' lang='lat' dir='ltr'>apostolicum</span> <span class='ocrx_word' id='word_1_29' title='bbox 836 639 992 703; x_wconf 17' lang='lat' dir='ltr'>sceleriter</span> <span class='ocrx_word' id='word_1_30' title='bbox 1009 638 1228 721; x_wconf 89' lang='lat' dir='ltr'>impleturum,</span> <span class='ocrx_word' id='word_1_31' title='bbox 1248 638 1335 720; x_wconf 92' lang='lat' dir='ltr'>quod</span> 
     </span>
     <span class='ocr_line' id='line_1_5' title="bbox 56 743 1335 828; baseline -0.002 -19"><span class='ocrx_word' id='word_1_32' title='bbox 56 746 240 811; x_wconf 88' lang='lat' dir='ltr'>tacentibus</span> <span class='ocrx_word' id='word_1_33' title='bbox 272 745 365 811; x_wconf 90' lang='lat' dir='ltr'>nobis</span> <span class='ocrx_word' id='word_1_34' title='bbox 398 765 456 828; x_wconf 90' lang='lat' dir='ltr'>per</span> <span class='ocrx_word' id='word_1_35' title='bbox 488 765 522 809; x_wconf 92' lang='lat' dir='ltr'>se</span> <span class='ocrx_word' id='word_1_36' title='bbox 550 745 658 828; x_wconf 90' lang='lat' dir='ltr'>ipsum</span> <span class='ocrx_word' id='word_1_37' title='bbox 685 743 812 809; x_wconf 87' lang='lat' dir='ltr'>efficere</span> <span class='ocrx_word' id='word_1_38' title='bbox 839 746 1021 810; x_wconf 89' lang='lat' dir='ltr'>tenebatur.</span> <span class='ocrx_word' id='word_1_39' title='bbox 1067 744 1148 808; x_wconf 82' lang='lat' dir='ltr'>Eius</span> <span class='ocrx_word' id='word_1_40' title='bbox 1176 749 1227 808; x_wconf 90' lang='lat' dir='ltr'>est</span> <span class='ocrx_word' id='word_1_41' title='bbox 1249 745 1335 808; x_wconf 90' lang='lat' dir='ltr'>enim</span> 
     </span>
     <span class='ocr_line' id='line_1_6' title="bbox 55 850 1350 937; baseline -0.002 -20"><span class='ocrx_word' id='word_1_42' title='bbox 55 853 222 937; x_wconf 89' lang='lat' dir='ltr'>predictus</span> <span class='ocrx_word' id='word_1_43' title='bbox 245 851 415 937; x_wconf 79' lang='lat' dir='ltr'>Her(veus)</span> <span class='ocrx_word' id='word_1_44' title='bbox 434 851 687 916; x_wconf 88' lang='lat' dir='ltr'>conversationis</span> <span class='ocrx_word' id='word_1_45' title='bbox 712 857 744 915; x_wconf 91' lang='lat' dir='ltr'>et</span> <span class='ocrx_word' id='word_1_46' title='bbox 767 853 911 933; x_wconf 85' lang='lat' dir='ltr'>scientie,</span> <span class='ocrx_word' id='word_1_47' title='bbox 936 852 1021 916; x_wconf 88' lang='lat' dir='ltr'>sicut</span> <span class='ocrx_word' id='word_1_48' title='bbox 1042 873 1098 916; x_wconf 88' lang='lat' dir='ltr'>vos</span> <span class='ocrx_word' id='word_1_49' title='bbox 1121 850 1185 933; x_wconf 93' lang='lat' dir='ltr'>ipsi</span> <span class='ocrx_word' id='word_1_50' title='bbox 1207 850 1350 934; x_wconf 86' lang='lat' dir='ltr'>plenius.</span> 
     </span>
     <span class='ocr_line' id='line_1_7' title="bbox 55 955 1333 1042; baseline -0.002 -19"><span class='ocrx_word' id='word_1_51' title='bbox 55 959 173 1041; x_wconf 81' lang='lat' dir='ltr'>nostia,</span> <span class='ocrx_word' id='word_1_52' title='bbox 204 958 290 1042; x_wconf 93' lang='lat' dir='ltr'>quod</span> <span class='ocrx_word' id='word_1_53' title='bbox 317 959 432 1023; x_wconf 90' lang='lat' dir='ltr'>maiori</span> <span class='ocrx_word' id='word_1_54' title='bbox 461 959 560 1022; x_wconf 88' lang='lat' dir='ltr'>etiam</span> <span class='ocrx_word' id='word_1_55' title='bbox 586 957 744 1023; x_wconf 90' lang='lat' dir='ltr'>beneficio</span> <span class='ocrx_word' id='word_1_56' title='bbox 772 957 888 1040; x_wconf 90' lang='lat' dir='ltr'>dignus</span> <span class='ocrx_word' id='word_1_57' title='bbox 912 963 1007 1022; x_wconf 88' lang='lat' dir='ltr'>esset.</span> <span class='ocrx_word' id='word_1_58' title='bbox 1055 957 1205 1022; x_wconf 83' lang='lat' dir='ltr'>Ceterum</span> <span class='ocrx_word' id='word_1_59' title='bbox 1228 955 1333 1040; x_wconf 82' lang='lat' dir='ltr'>pref-</span> 
     </span>
     <span class='ocr_line' id='line_1_8' title="bbox 54 1063 1333 1149; baseline -0.002 -19"><span class='ocrx_word' id='word_1_60' title='bbox 54 1073 105 1130; x_wconf 92' lang='lat' dir='ltr'>tus</span> <span class='ocrx_word' id='word_1_61' title='bbox 131 1066 304 1149; x_wconf 90' lang='lat' dir='ltr'>episcopus</span> <span class='ocrx_word' id='word_1_62' title='bbox 328 1063 517 1128; x_wconf 90' lang='lat' dir='ltr'>mandatum</span> <span class='ocrx_word' id='word_1_63' title='bbox 540 1071 687 1129; x_wconf 91' lang='lat' dir='ltr'>nostrum</span> <span class='ocrx_word' id='word_1_64' title='bbox 710 1070 939 1147; x_wconf 90' lang='lat' dir='ltr'>contempnens</span> <span class='ocrx_word' id='word_1_65' title='bbox 967 1069 1001 1127; x_wconf 91' lang='lat' dir='ltr'>et</span> <span class='ocrx_word' id='word_1_66' title='bbox 1028 1064 1130 1146; x_wconf 90' lang='lat' dir='ltr'>ipsius</span> <span class='ocrx_word' id='word_1_67' title='bbox 1158 1065 1333 1128; x_wconf 90' lang='lat' dir='ltr'>necessita-</span> 
     </span>
     <span class='ocr_line' id='line_1_9' title="bbox 53 1169 1333 1255; baseline -0.002 -19"><span class='ocrx_word' id='word_1_68' title='bbox 53 1180 120 1237; x_wconf 90' lang='lat' dir='ltr'>tem</span> <span class='ocrx_word' id='word_1_69' title='bbox 144 1178 179 1237; x_wconf 90' lang='lat' dir='ltr'>et</span> <span class='ocrx_word' id='word_1_70' title='bbox 201 1171 397 1255; x_wconf 76' lang='lat' dir='ltr'>probitatem</span> <span class='ocrx_word' id='word_1_71' title='bbox 425 1170 648 1252; x_wconf 80' lang='lat' dir='ltr'>dissimulans,</span> <span class='ocrx_word' id='word_1_72' title='bbox 680 1178 718 1235; x_wconf 92' lang='lat' dir='ltr'>ut</span> <span class='ocrx_word' id='word_1_73' title='bbox 745 1175 933 1254; x_wconf 79' lang='lat' dir='ltr'>preceptum</span> <span class='ocrx_word' id='word_1_74' title='bbox 960 1176 1107 1235; x_wconf 91' lang='lat' dir='ltr'>nostrum</span> <span class='ocrx_word' id='word_1_75' title='bbox 1135 1169 1333 1235; x_wconf 85' lang='lat' dir='ltr'>commodius</span> 
     </span>
     <span class='ocr_line' id='line_1_10' title="bbox 54 1276 1334 1362; baseline -0.002 -19"><span class='ocrx_word' id='word_1_76' title='bbox 54 1284 181 1362; x_wconf 88' lang='lat' dir='ltr'>posset,</span> <span class='ocrx_word' id='word_1_77' title='bbox 215 1277 302 1361; x_wconf 91' lang='lat' dir='ltr'>quod</span> <span class='ocrx_word' id='word_1_78' title='bbox 324 1299 388 1342; x_wconf 93' lang='lat' dir='ltr'>non</span> <span class='ocrx_word' id='word_1_79' title='bbox 411 1276 501 1358; x_wconf 85' lang='lat' dir='ltr'>licet,</span> <span class='ocrx_word' id='word_1_80' title='bbox 535 1277 679 1359; x_wconf 88' lang='lat' dir='ltr'>eludere,</span> <span class='ocrx_word' id='word_1_81' title='bbox 713 1277 794 1341; x_wconf 93' lang='lat' dir='ltr'>alios</span> <span class='ocrx_word' id='word_1_82' title='bbox 822 1277 852 1340; x_wconf 91' lang='grc'>11</span> <span class='ocrx_word' id='word_1_83' title='bbox 875 1297 1067 1360; x_wconf 89' lang='lat' dir='ltr'>preponere,</span> <span class='ocrx_word' id='word_1_84' title='bbox 1101 1297 1198 1359; x_wconf 90' lang='lat' dir='ltr'>quem</span> <span class='ocrx_word' id='word_1_85' title='bbox 1229 1277 1334 1342; x_wconf 88' lang='lat' dir='ltr'>solum</span> 
     </span>
     <span class='ocr_line' id='line_1_11' title="bbox 54 1382 1333 1467; baseline -0.001 -19"><span class='ocrx_word' id='word_1_86' title='bbox 54 1385 260 1467; x_wconf 89' lang='lat' dir='ltr'>precepimus</span> <span class='ocrx_word' id='word_1_87' title='bbox 282 1384 316 1448; x_wconf 90' lang='lat' dir='ltr'>in</span> <span class='ocrx_word' id='word_1_88' title='bbox 339 1382 498 1448; x_wconf 86' lang='lat' dir='ltr'>Meldensi</span> <span class='ocrx_word' id='word_1_89' title='bbox 521 1382 660 1448; x_wconf 88' lang='lat' dir='ltr'>ecclesia</span> <span class='ocrx_word' id='word_1_90' title='bbox 682 1383 851 1465; x_wconf 86' lang='lat' dir='ltr'>integrari,</span> <span class='ocrx_word' id='word_1_91' title='bbox 877 1383 965 1447; x_wconf 89' lang='lat' dir='ltr'>etin</span> <span class='ocrx_word' id='word_1_92' title='bbox 987 1404 1105 1466; x_wconf 89' lang='lat' dir='ltr'>penam</span> <span class='ocrx_word' id='word_1_93' title='bbox 1127 1383 1254 1447; x_wconf 89' lang='lat' dir='ltr'>litteras</span> <span class='ocrx_word' id='word_1_94' title='bbox 1277 1405 1333 1448; x_wconf 95' lang='lat' dir='ltr'>no-</span> 
     </span>
     <span class='ocr_line' id='line_1_12' title="bbox 55 1488 1333 1573; baseline 0 -19"><span class='ocrx_word' id='word_1_95' title='bbox 55 1498 157 1572; x_wconf 86' lang='lat' dir='ltr'>strae,</span> <span class='ocrx_word' id='word_1_96' title='bbox 192 1511 275 1572; x_wconf 87' lang='lat' dir='ltr'>quas</span> <span class='ocrx_word' id='word_1_97' title='bbox 306 1489 348 1553; x_wconf 93' lang='lat' dir='ltr'>ad</span> <span class='ocrx_word' id='word_1_98' title='bbox 378 1489 581 1555; x_wconf 90' lang='lat' dir='ltr'>commodum</span> <span class='ocrx_word' id='word_1_99' title='bbox 604 1488 811 1572; x_wconf 88' lang='lat' dir='ltr'>indulsimus,</span> <span class='ocrx_word' id='word_1_100' title='bbox 836 1495 1037 1571; x_wconf 90' lang='lat' dir='ltr'>retorquere,</span> <span class='ocrx_word' id='word_1_101' title='bbox 1070 1495 1239 1554; x_wconf 88' lang='lat' dir='ltr'>vacantem</span> <span class='ocrx_word' id='word_1_102' title='bbox 1262 1511 1333 1573; x_wconf 89' lang='lat' dir='ltr'>pre-</span> 
     </span>
     <span class='ocr_line' id='line_1_13' title="bbox 54 1593 1333 1679; baseline 0 -18"><span class='ocrx_word' id='word_1_103' title='bbox 54 1597 197 1662; x_wconf 92' lang='lat' dir='ltr'>bendam</span> <span class='ocrx_word' id='word_1_104' title='bbox 221 1594 388 1660; x_wconf 85' lang='lat' dir='ltr'>dimidiam</span> <span class='ocrx_word' id='word_1_105' title='bbox 412 1593 593 1660; x_wconf 77' lang='lat' dir='ltr'>Constantii</span> <span class='ocrx_word' id='word_1_106' title='bbox 617 1596 814 1660; x_wconf 90' lang='lat' dir='ltr'>succentoris</span> <span class='ocrx_word' id='word_1_107' title='bbox 839 1596 967 1660; x_wconf 89' lang='lat' dir='ltr'>cuidam</span> <span class='ocrx_word' id='word_1_108' title='bbox 989 1617 1101 1679; x_wconf 90' lang='lat' dir='ltr'>puero,</span> <span class='ocrx_word' id='word_1_109' title='bbox 1124 1594 1192 1661; x_wconf 91' lang='lat' dir='ltr'>filio</span> <span class='ocrx_word' id='word_1_110' title='bbox 1215 1596 1333 1661; x_wconf 91' lang='lat' dir='ltr'>nobilis</span> 
     </span>
     <span class='ocr_line' id='line_1_14' title="bbox 54 1678 1332 1785; baseline 0 -18"><span class='ocrx_word' id='word_1_111' title='bbox 54 1704 115 1767; x_wconf 91' lang='lat' dir='ltr'>viri</span> <span class='ocrx_word' id='word_1_112' title='bbox 139 1702 180 1768; x_wconf 78' lang='lat' dir='ltr'>G.</span> <span class='ocrx_word' id='word_1_113' title='bbox 205 1702 245 1767; x_wconf 92' lang='lat' dir='ltr'>de</span> <span class='ocrx_word' id='word_1_114' title='bbox 264 1701 459 1783; x_wconf 76' lang='lat' dir='ltr'>(lheureuse,</span> <span class='ocrx_word' id='word_1_115' title='bbox 485 1703 540 1784; x_wconf 92' lang='lat' dir='ltr'>qui</span> <span class='ocrx_word' id='word_1_116' title='bbox 564 1678 644 1766; x_wconf 76' lang='lat' dir='ltr'>alibi</span> <span class='ocrx_word' id='word_1_117' title='bbox 666 1701 788 1766; x_wconf 90' lang='lat' dir='ltr'>habere</span> <span class='ocrx_word' id='word_1_118' title='bbox 811 1703 949 1766; x_wconf 90' lang='lat' dir='ltr'>maiores</span> <span class='ocrx_word' id='word_1_119' title='bbox 968 1702 1115 1767; x_wconf 89' lang='lat' dir='ltr'>redditus</span> <span class='ocrx_word' id='word_1_120' title='bbox 1134 1702 1332 1785; x_wconf 86' lang='lat' dir='ltr'>perhibetur,</span> 
     </span>
     <span class='ocr_line' id='line_1_15' title="bbox 55 1806 1333 1893; baseline -0.002 -18"><span class='ocrx_word' id='word_1_121' title='bbox 55 1815 170 1875; x_wconf 88' lang='lat' dir='ltr'>contra</span> <span class='ocrx_word' id='word_1_122' title='bbox 198 1808 448 1893; x_wconf 88' lang='lat' dir='ltr'>prohibitionem</span> <span class='ocrx_word' id='word_1_123' title='bbox 476 1812 622 1872; x_wconf 87' lang='lat' dir='ltr'>nostram</span> <span class='ocrx_word' id='word_1_124' title='bbox 646 1806 780 1891; x_wconf 90' lang='lat' dir='ltr'>dicitur,</span> <span class='ocrx_word' id='word_1_125' title='bbox 810 1807 896 1873; x_wconf 89' lang='lat' dir='ltr'>unde</span> <span class='ocrx_word' id='word_1_126' title='bbox 924 1810 1081 1872; x_wconf 90' lang='lat' dir='ltr'>miramur</span> <span class='ocrx_word' id='word_1_127' title='bbox 1108 1814 1141 1872; x_wconf 91' lang='lat' dir='ltr'>et</span> <span class='ocrx_word' id='word_1_128' title='bbox 1168 1829 1333 1874; x_wconf 90' lang='lat' dir='ltr'>movemur</span> 
     </span>
     <span class='ocr_line' id='line_1_16' title="bbox 53 1911 1332 1999; baseline 0 -19"><span class='ocrx_word' id='word_1_129' title='bbox 53 1916 244 1999; x_wconf 85' lang='lat' dir='ltr'>plurimum,</span> <span class='ocrx_word' id='word_1_130' title='bbox 277 1915 485 1980; x_wconf 87' lang='lat' dir='ltr'>concessisse.</span> <span class='ocrx_word' id='word_1_131' title='bbox 533 1911 617 1995; x_wconf 77' lang='lat' dir='ltr'>Quia</span> <span class='ocrx_word' id='word_1_132' title='bbox 640 1915 740 1996; x_wconf 90' lang='lat' dir='ltr'>igitur</span> <span class='ocrx_word' id='word_1_133' title='bbox 766 1915 982 1979; x_wconf 89' lang='lat' dir='ltr'>verecundum</span> <span class='ocrx_word' id='word_1_134' title='bbox 1010 1914 1104 1979; x_wconf 90' lang='lat' dir='ltr'>nobis</span> <span class='ocrx_word' id='word_1_135' title='bbox 1132 1915 1332 1981; x_wconf 56' lang='grc'><strong>1111111111-</strong></span> 
     </span>
     <span class='ocr_line' id='line_1_17' title="bbox 55 2019 1333 2106; baseline -0.002 -19"><span class='ocrx_word' id='word_1_136' title='bbox 55 2024 131 2087; x_wconf 95' lang='lat' dir='ltr'>dum</span> <span class='ocrx_word' id='word_1_137' title='bbox 155 2027 189 2086; x_wconf 91' lang='lat' dir='ltr'>et</span> <span class='ocrx_word' id='word_1_138' title='bbox 211 2021 393 2102; x_wconf 88' lang='lat' dir='ltr'>molestum,</span> <span class='ocrx_word' id='word_1_139' title='bbox 417 2025 454 2083; x_wconf 94' lang='lat' dir='ltr'>ut</span> <span class='ocrx_word' id='word_1_140' title='bbox 476 2019 622 2102; x_wconf 84' lang='lat' dir='ltr'>prefatus</span> <span class='ocrx_word' id='word_1_141' title='bbox 641 2019 820 2106; x_wconf 86' lang='lat' dir='ltr'>H(erveus),</span> <span class='ocrx_word' id='word_1_142' title='bbox 845 2043 941 2104; x_wconf 90' lang='lat' dir='ltr'>quem</span> <span class='ocrx_word' id='word_1_143' title='bbox 959 2022 1121 2103; x_wconf 88' lang='lat' dir='ltr'>integrum</span> <span class='ocrx_word' id='word_1_144' title='bbox 1139 2021 1333 2086; x_wconf 91' lang='lat' dir='ltr'>beneficium</span> 
     </span>
     <span class='ocr_line' id='line_1_18' title="bbox 53 2126 1333 2211; baseline -0.002 -17"><span class='ocrx_word' id='word_1_145' title='bbox 53 2129 177 2194; x_wconf 89' lang='lat' dir='ltr'>habere</span> <span class='ocrx_word' id='word_1_146' title='bbox 198 2128 356 2208; x_wconf 91' lang='lat' dir='ltr'>volumus,</span> <span class='ocrx_word' id='word_1_147' title='bbox 380 2126 506 2190; x_wconf 88' lang='lat' dir='ltr'>tardius</span> <span class='ocrx_word' id='word_1_148' title='bbox 530 2128 719 2209; x_wconf 85' lang='lat' dir='ltr'>integretur,</span> <span class='ocrx_word' id='word_1_149' title='bbox 743 2127 869 2211; x_wconf 85' lang='lat' dir='ltr'>prefato</span> <span class='ocrx_word' id='word_1_150' title='bbox 889 2128 1040 2210; x_wconf 88' lang='lat' dir='ltr'>episcopo</span> <span class='ocrx_word' id='word_1_151' title='bbox 1059 2127 1206 2192; x_wconf 89' lang='lat' dir='ltr'>districte</span> <span class='ocrx_word' id='word_1_152' title='bbox 1230 2129 1333 2211; x_wconf 91' lang='lat' dir='ltr'>preci·</span> 
     </span>
     <span class='ocr_line' id='line_1_19' title="bbox 53 2232 1332 2317; baseline -0.001 -19"><span class='ocrx_word' id='word_1_153' title='bbox 53 2235 176 2317; x_wconf 74' lang='lat' dir='ltr'>pimuS,</span> <span class='ocrx_word' id='word_1_154' title='bbox 210 2239 261 2314; x_wconf 90' lang='lat' dir='ltr'>ut,</span> <span class='ocrx_word' id='word_1_155' title='bbox 295 2254 359 2298; x_wconf 95' lang='lat' dir='ltr'>non</span> <span class='ocrx_word' id='word_1_156' title='bbox 391 2232 541 2297; x_wconf 87' lang='lat' dir='ltr'>obstante</span> <span class='ocrx_word' id='word_1_157' title='bbox 569 2235 777 2299; x_wconf 89' lang='lat' dir='ltr'>concessione</span> <span class='ocrx_word' id='word_1_158' title='bbox 805 2234 893 2298; x_wconf 85' lang='lat' dir='ltr'>facta</span> <span class='ocrx_word' id='word_1_159' title='bbox 914 2232 1060 2316; x_wconf 89' lang='lat' dir='ltr'>predicto</span> <span class='ocrx_word' id='word_1_160' title='bbox 1083 2253 1197 2316; x_wconf 92' lang='lat' dir='ltr'>puero,</span> <span class='ocrx_word' id='word_1_161' title='bbox 1228 2233 1332 2298; x_wconf 89' lang='lat' dir='ltr'>eidem</span> 
     </span>
     <span class='ocr_line' id='line_1_20' title="bbox 53 2339 1331 2425; baseline 0 -21"><span class='ocrx_word' id='word_1_162' title='bbox 53 2341 206 2425; x_wconf 78' lang='lat' dir='ltr'>H(erveo)</span> <span class='ocrx_word' id='word_1_163' title='bbox 246 2339 461 2423; x_wconf 90' lang='lat' dir='ltr'>prescriptam</span> <span class='ocrx_word' id='word_1_164' title='bbox 502 2340 671 2404; x_wconf 85' lang='lat' dir='ltr'>dimidiam</span> <span class='ocrx_word' id='word_1_165' title='bbox 703 2340 849 2406; x_wconf 85' lang='lat' dir='ltr'>conferat</span> <span class='ocrx_word' id='word_1_166' title='bbox 885 2340 1072 2422; x_wconf 88' lang='lat' dir='ltr'>quantotius</span> <span class='ocrx_word' id='word_1_167' title='bbox 1110 2345 1143 2403; x_wconf 90' lang='lat' dir='ltr'>et</span> <span class='ocrx_word' id='word_1_168' title='bbox 1179 2341 1331 2422; x_wconf 87' lang='lat' dir='ltr'>assignet.</span> 
     </span>
     <span class='ocr_line' id='line_1_21' title="bbox 52 2445 1334 2531; baseline -0.002 -20"><span class='ocrx_word' id='word_1_169' title='bbox 52 2446 244 2512; x_wconf 85' lang='lat' dir='ltr'>Venerabili</span> <span class='ocrx_word' id='word_1_170' title='bbox 268 2466 396 2528; x_wconf 90' lang='lat' dir='ltr'>qnoque</span> <span class='ocrx_word' id='word_1_171' title='bbox 418 2445 512 2510; x_wconf 80' lang='lat' dir='ltr'>fratri</span> <span class='ocrx_word' id='word_1_172' title='bbox 535 2452 647 2512; x_wconf 91' lang='lat' dir='ltr'>nostro</span> <span class='ocrx_word' id='word_1_173' title='bbox 678 2446 1024 2531; x_wconf 61' lang='grc'>11111111111111111</span> <span class='ocrx_word' id='word_1_174' title='bbox 1056 2445 1264 2527; x_wconf 88' lang='lat' dir='ltr'>mandamus,</span> <span class='ocrx_word' id='word_1_175' title='bbox 1297 2452 1334 2509; x_wconf 91' lang='lat' dir='ltr'>ut</span> 
     </span>
     <span class='ocr_line' id='line_1_22' title="bbox 52 2552 1332 2637; baseline -0.002 -20"><span class='ocrx_word' id='word_1_176' title='bbox 52 2555 81 2618; x_wconf 89' lang='lat' dir='ltr'>si</span> <span class='ocrx_word' id='word_1_177' title='bbox 104 2552 253 2637; x_wconf 88' lang='lat' dir='ltr'>prefatus</span> <span class='ocrx_word' id='word_1_178' title='bbox 276 2552 451 2617; x_wconf 87' lang='lat' dir='ltr'>Meldensis</span> <span class='ocrx_word' id='word_1_179' title='bbox 478 2554 656 2635; x_wconf 89' lang='lat' dir='ltr'>requisitus</span> <span class='ocrx_word' id='word_1_180' title='bbox 683 2553 873 2617; x_wconf 91' lang='lat' dir='ltr'>mandatum</span> <span class='ocrx_word' id='word_1_181' title='bbox 898 2552 1112 2636; x_wconf 88' lang='lat' dir='ltr'>apostolicum</span> <span class='ocrx_word' id='word_1_182' title='bbox 1139 2553 1256 2634; x_wconf 82' lang='lat' dir='ltr'>exequi</span> <span class='ocrx_word' id='word_1_183' title='bbox 1283 2572 1332 2615; x_wconf 90' lang='lat' dir='ltr'>re-</span> 
     </span>
     <span class='ocr_line' id='line_1_23' title="bbox 54 2657 1333 2743; baseline -0.002 -19"><span class='ocrx_word' id='word_1_184' title='bbox 54 2661 227 2742; x_wconf 89' lang='lat' dir='ltr'>cusaverit,</span> <span class='ocrx_word' id='word_1_185' title='bbox 251 2661 358 2743; x_wconf 88' lang='lat' dir='ltr'>ipsum</span> <span class='ocrx_word' id='word_1_186' title='bbox 380 2659 501 2723; x_wconf 90' lang='lat' dir='ltr'>nullius</span> <span class='ocrx_word' id='word_1_187' title='bbox 525 2659 743 2743; x_wconf 88' lang='lat' dir='ltr'>appellatione</span> <span class='ocrx_word' id='word_1_188' title='bbox 762 2660 912 2725; x_wconf 92' lang='lat' dir='ltr'>obstante</span> <span class='ocrx_word' id='word_1_189' title='bbox 937 2661 1131 2725; x_wconf 91' lang='lat' dir='ltr'>auctoritate</span> <span class='ocrx_word' id='word_1_190' title='bbox 1154 2657 1333 2742; x_wconf 90' lang='lat' dir='ltr'>apostolica</span> 
     </span>
     <span class='ocr_line' id='line_1_24' title="bbox 53 2764 1333 2848; baseline -0.001 -19"><span class='ocrx_word' id='word_1_191' title='bbox 53 2766 156 2831; x_wconf 85' lang='lat' dir='ltr'>fretus</span> <span class='ocrx_word' id='word_1_192' title='bbox 179 2787 245 2831; x_wconf 90' lang='lat' dir='ltr'>non</span> <span class='ocrx_word' id='word_1_193' title='bbox 268 2765 396 2830; x_wconf 88' lang='lat' dir='ltr'>differat</span> <span class='ocrx_word' id='word_1_194' title='bbox 419 2765 548 2830; x_wconf 86' lang='lat' dir='ltr'>effectui</span> <span class='ocrx_word' id='word_1_195' title='bbox 570 2767 766 2848; x_wconf 89' lang='lat' dir='ltr'>mancipare.</span> <span class='ocrx_word' id='word_1_196' title='bbox 814 2764 973 2848; x_wconf 77' lang='lat' dir='ltr'>Quocirca</span> <span class='ocrx_word' id='word_1_197' title='bbox 1000 2766 1204 2830; x_wconf 89' lang='lat' dir='ltr'>universitati</span> <span class='ocrx_word' id='word_1_198' title='bbox 1227 2770 1333 2829; x_wconf 89' lang='lat' dir='ltr'>vestre</span> 
     </span>
     <span class='ocr_line' id='line_1_25' title="bbox 54 2871 1332 2956; baseline -0.002 -19"><span class='ocrx_word' id='word_1_199' title='bbox 54 2895 112 2956; x_wconf 87' lang='lat' dir='ltr'>per</span> <span class='ocrx_word' id='word_1_200' title='bbox 134 2871 316 2956; x_wconf 88' lang='lat' dir='ltr'>apostolica</span> <span class='ocrx_word' id='word_1_201' title='bbox 338 2874 460 2956; x_wconf 90' lang='lat' dir='ltr'>scripta</span> <span class='ocrx_word' id='word_1_202' title='bbox 483 2873 674 2937; x_wconf 88' lang='lat' dir='ltr'>mandamus</span> <span class='ocrx_word' id='word_1_203' title='bbox 704 2879 803 2955; x_wconf 91' lang='lat' dir='ltr'>atque</span> <span class='ocrx_word' id='word_1_204' title='bbox 826 2873 1032 2955; x_wconf 90' lang='lat' dir='ltr'>precipimus,</span> <span class='ocrx_word' id='word_1_205' title='bbox 1058 2873 1221 2954; x_wconf 89' lang='lat' dir='ltr'>quatinus,</span> <span class='ocrx_word' id='word_1_206' title='bbox 1246 2871 1332 2954; x_wconf 92' lang='lat' dir='ltr'>quod</span> 
     </span>
     <span class='ocr_line' id='line_1_26' title="bbox 53 2977 1333 3059; baseline -0.002 -17"><span class='ocrx_word' id='word_1_207' title='bbox 53 2980 141 3044; x_wconf 88' lang='lat' dir='ltr'>idem</span> <span class='ocrx_word' id='word_1_208' title='bbox 164 2978 334 3043; x_wconf 79' lang='lat' dir='ltr'>Trecensis</span> <span class='ocrx_word' id='word_1_209' title='bbox 363 2980 557 3043; x_wconf 91' lang='lat' dir='ltr'>auctoritate</span> <span class='ocrx_word' id='word_1_210' title='bbox 585 2984 697 3043; x_wconf 89' lang='lat' dir='ltr'>nostra</span> <span class='ocrx_word' id='word_1_211' title='bbox 725 2977 852 3059; x_wconf 84' lang='lat' dir='ltr'>fecerit,</span> <span class='ocrx_word' id='word_1_212' title='bbox 882 2977 1019 3043; x_wconf 90' lang='lat' dir='ltr'>firmiter</span> <span class='ocrx_word' id='word_1_213' title='bbox 1046 2978 1233 3043; x_wconf 88' lang='lat' dir='ltr'>observetis.</span> <span class='ocrx_word' id='word_1_214' title='bbox 1279 2977 1333 3041; x_wconf 85' lang='lat' dir='ltr'>Ad</span> 
     </span>
     <span class='ocr_line' id='line_1_27' title="bbox 53 3083 1332 3168; baseline -0.002 -18"><span class='ocrx_word' id='word_1_215' title='bbox 53 3086 111 3150; x_wconf 89' lang='lat' dir='ltr'>hec</span> <span class='ocrx_word' id='word_1_216' title='bbox 136 3085 331 3150; x_wconf 90' lang='lat' dir='ltr'>auctoritate</span> <span class='ocrx_word' id='word_1_217' title='bbox 355 3085 534 3168; x_wconf 88' lang='lat' dir='ltr'>apostolica</span> <span class='ocrx_word' id='word_1_218' title='bbox 557 3083 749 3166; x_wconf 71' lang='lat' dir='ltr'>inhibemnn,</span> <span class='ocrx_word' id='word_1_219' title='bbox 775 3106 824 3167; x_wconf 91' lang='lat' dir='ltr'>ne,</span> <span class='ocrx_word' id='word_1_220' title='bbox 849 3091 1027 3166; x_wconf 91' lang='lat' dir='ltr'>antequam</span> <span class='ocrx_word' id='word_1_221' title='bbox 1049 3083 1168 3167; x_wconf 88' lang='lat' dir='ltr'>prefati</span> <span class='ocrx_word' id='word_1_222' title='bbox 1191 3083 1332 3168; x_wconf 69' lang='lat' dir='ltr'>Htervei)</span> 
     </span>
     <span class='ocr_line' id='line_1_28' title="bbox 55 3189 1331 3274; baseline -0.002 -19"><span class='ocrx_word' id='word_1_223' title='bbox 55 3190 249 3256; x_wconf 91' lang='lat' dir='ltr'>beneficium</span> <span class='ocrx_word' id='word_1_224' title='bbox 280 3191 470 3274; x_wconf 83' lang='lat' dir='ltr'>integretur,</span> <span class='ocrx_word' id='word_1_225' title='bbox 504 3191 688 3273; x_wconf 91' lang='lat' dir='ltr'>aliquarum</span> <span class='ocrx_word' id='word_1_226' title='bbox 719 3191 903 3255; x_wconf 89' lang='lat' dir='ltr'>litterarum</span> <span class='ocrx_word' id='word_1_227' title='bbox 926 3191 1074 3272; x_wconf 91' lang='lat' dir='ltr'>obtentu,</span> <span class='ocrx_word' id='word_1_228' title='bbox 1108 3191 1135 3254; x_wconf 90' lang='grc'>11</span> <span class='ocrx_word' id='word_1_229' title='bbox 1160 3210 1222 3272; x_wconf 90' lang='lat' dir='ltr'>que</span> <span class='ocrx_word' id='word_1_230' title='bbox 1246 3189 1331 3270; x_wconf 73' lang='lat' dir='ltr'>etcb,</span> 
     </span>
     <span class='ocr_line' id='line_1_29' title="bbox 57 3296 1333 3381; baseline -0.002 -20"><span class='ocrx_word' id='word_1_231' title='bbox 57 3318 255 3380; x_wconf 90' lang='lat' dir='ltr'>quemquam</span> <span class='ocrx_word' id='word_1_232' title='bbox 277 3298 443 3381; x_wconf 90' lang='lat' dir='ltr'>recipiatis</span> <span class='ocrx_word' id='word_1_233' title='bbox 467 3298 500 3361; x_wconf 93' lang='lat' dir='ltr'>in</span> <span class='ocrx_word' id='word_1_234' title='bbox 523 3296 658 3361; x_wconf 77' lang='lat' dir='ltr'>tratrem</span> <span class='ocrx_word' id='word_1_235' title='bbox 681 3297 732 3361; x_wconf 92' lang='lat' dir='ltr'>vel</span> <span class='ocrx_word' id='word_1_236' title='bbox 749 3298 906 3379; x_wconf 89' lang='lat' dir='ltr'>integrari</span> <span class='ocrx_word' id='word_1_237' title='bbox 934 3297 1089 3379; x_wconf 89' lang='lat' dir='ltr'>aliquem,</span> <span class='ocrx_word' id='word_1_238' title='bbox 1119 3297 1333 3379; x_wconf 91' lang='lat' dir='ltr'>quantumin</span> 
     </span>
     <span class='ocr_line' id='line_1_30' title="bbox 55 3402 1333 3488; baseline 0 -24"><span class='ocrx_word' id='word_1_239' title='bbox 55 3404 148 3469; x_wconf 89' lang='lat' dir='ltr'>vobis</span> <span class='ocrx_word' id='word_1_240' title='bbox 172 3409 232 3484; x_wconf 89' lang='lat' dir='ltr'>est,</span> <span class='ocrx_word' id='word_1_241' title='bbox 256 3403 418 3468; x_wconf 89' lang='lat' dir='ltr'>ullatenus</span> <span class='ocrx_word' id='word_1_242' title='bbox 438 3404 645 3488; x_wconf 88' lang='lat' dir='ltr'>permittatis.</span> <span class='ocrx_word' id='word_1_243' title='bbox 683 3402 757 3467; x_wconf 82' lang='lat' dir='ltr'>Tibi</span> <span class='ocrx_word' id='word_1_244' title='bbox 780 3409 899 3484; x_wconf 91' lang='lat' dir='ltr'>autem,</span> <span class='ocrx_word' id='word_1_245' title='bbox 923 3402 970 3466; x_wconf 92' lang='lat' dir='ltr'>fili</span> <span class='ocrx_word' id='word_1_246' title='bbox 994 3402 1124 3484; x_wconf 90' lang='lat' dir='ltr'>decane,</span> <span class='ocrx_word' id='word_1_247' title='bbox 1149 3402 1333 3485; x_wconf 89' lang='lat' dir='ltr'>specialiter</span> 
     </span>
     <span class='ocr_line' id='line_1_31' title="bbox 55 3508 1332 3592; baseline -0.001 -19"><span class='ocrx_word' id='word_1_248' title='bbox 55 3510 290 3592; x_wconf 89' lang='lat' dir='ltr'>interdicimus,</span> <span class='ocrx_word' id='word_1_249' title='bbox 314 3531 355 3574; x_wconf 90' lang='lat' dir='ltr'>ne</span> <span class='ocrx_word' id='word_1_250' title='bbox 378 3516 454 3574; x_wconf 89' lang='lat' dir='ltr'>ante</span> <span class='ocrx_word' id='word_1_251' title='bbox 476 3510 692 3592; x_wconf 89' lang='lat' dir='ltr'>prescriptam</span> <span class='ocrx_word' id='word_1_252' title='bbox 710 3511 959 3592; x_wconf 83' lang='lat' dir='ltr'>integrationem</span> <span class='ocrx_word' id='word_1_253' title='bbox 978 3530 1173 3591; x_wconf 91' lang='lat' dir='ltr'>quemquam</span> <span class='ocrx_word' id='word_1_254' title='bbox 1193 3508 1232 3572; x_wconf 93' lang='lat' dir='ltr'>de</span> <span class='ocrx_word' id='word_1_255' title='bbox 1250 3509 1332 3572; x_wconf 93' lang='lat' dir='ltr'>inte·</span> 
     </span>
     <span class='ocr_line' id='line_1_32' title="bbox 55 3615 1331 3700; baseline -0.001 -20"><span class='ocrx_word' id='word_1_256' title='bbox 55 3638 114 3698; x_wconf 90' lang='lat' dir='ltr'>gra</span> <span class='ocrx_word' id='word_1_257' title='bbox 137 3616 190 3680; x_wconf 92' lang='lat' dir='ltr'>vel</span> <span class='ocrx_word' id='word_1_258' title='bbox 212 3615 347 3681; x_wconf 90' lang='lat' dir='ltr'>dimidia</span> <span class='ocrx_word' id='word_1_259' title='bbox 380 3621 519 3698; x_wconf 87' lang='lat' dir='ltr'>temptes</span> <span class='ocrx_word' id='word_1_260' title='bbox 551 3638 610 3700; x_wconf 91' lang='lat' dir='ltr'>per</span> <span class='ocrx_word' id='word_1_261' title='bbox 637 3622 669 3681; x_wconf 90' lang='lat' dir='ltr'>te</span> <span class='ocrx_word' id='word_1_262' title='bbox 697 3616 748 3680; x_wconf 88' lang='lat' dir='ltr'>vel</span> <span class='ocrx_word' id='word_1_263' title='bbox 775 3616 874 3680; x_wconf 91' lang='lat' dir='ltr'>alium</span> <span class='ocrx_word' id='word_1_264' title='bbox 902 3615 1143 3698; x_wconf 92' lang='lat' dir='ltr'>quomodolibet</span> <span class='ocrx_word' id='word_1_265' title='bbox 1168 3616 1331 3679; x_wconf 91' lang='lat' dir='ltr'>investire.</span> 
     </span>
     <span class='ocr_line' id='line_1_33' title="bbox 56 3721 1331 3806; baseline -0.002 -20"><span class='ocrx_word' id='word_1_266' title='bbox 56 3722 213 3804; x_wconf 84' lang='lat' dir='ltr'>Alioquin</span> <span class='ocrx_word' id='word_1_267' title='bbox 238 3725 265 3787; x_wconf 91' lang='lat' dir='ltr'>si</span> <span class='ocrx_word' id='word_1_268' title='bbox 293 3723 371 3806; x_wconf 91' lang='lat' dir='ltr'>quid</span> <span class='ocrx_word' id='word_1_269' title='bbox 388 3727 512 3787; x_wconf 85' lang='lat' dir='ltr'>¹contra</span> <span class='ocrx_word' id='word_1_270' title='bbox 534 3722 618 3786; x_wconf 89' lang='lat' dir='ltr'>hanc</span> <span class='ocrx_word' id='word_1_271' title='bbox 646 3721 896 3805; x_wconf 88' lang='lat' dir='ltr'>prohibitionem</span> <span class='ocrx_word' id='word_1_272' title='bbox 918 3729 1064 3787; x_wconf 91' lang='lat' dir='ltr'>nostram</span> <span class='ocrx_word' id='word_1_273' title='bbox 1091 3721 1188 3786; x_wconf 84' lang='lat' dir='ltr'>fuerit</span> <span class='ocrx_word' id='word_1_274' title='bbox 1211 3743 1230 3785; x_wconf 89' lang='lat' dir='ltr'>a</span> <span class='ocrx_word' id='word_1_275' title='bbox 1254 3743 1331 3803; x_wconf 92' lang='lat' dir='ltr'>quo-</span> 
     </span>
     <span class='ocr_line' id='line_1_34' title="bbox 56 3827 1286 3919; baseline -0.002 -26"><span class='ocrx_word' id='word_1_276' title='bbox 56 3851 156 3912; x_wconf 87' lang='lat' dir='ltr'>quam</span> <span class='ocrx_word' id='word_1_277' title='bbox 179 3836 412 3919; x_wconf 89' lang='lat' dir='ltr'>presumptum,</span> <span class='ocrx_word' id='word_1_278' title='bbox 437 3829 631 3893; x_wconf 88' lang='lat' dir='ltr'>auctoritate</span> <span class='ocrx_word' id='word_1_279' title='bbox 655 3829 834 3911; x_wconf 87' lang='lat' dir='ltr'>apostolica</span> <span class='ocrx_word' id='word_1_280' title='bbox 857 3827 1059 3893; x_wconf 88' lang='lat' dir='ltr'>decernimus</span> <span class='ocrx_word' id='word_1_281' title='bbox 1083 3850 1147 3893; x_wconf 92' lang='lat' dir='ltr'>non</span> <span class='ocrx_word' id='word_1_282' title='bbox 1169 3828 1286 3891; x_wconf 90' lang='lat' dir='ltr'>valere.</span> 
     </span>
    </p>
   </div>
   <div class='ocr_carea' id='block_1_3' title="bbox 145 4070 1331 4178">
    <p class='ocr_par' dir='ltr' id='par_1_3' title="bbox 145 4070 1331 4178">
     <span class='ocr_line' id='line_1_35' title="bbox 145 4070 1331 4178; baseline -0.002 -14"><span class='ocrx_word' id='word_1_283' title='bbox 145 4122 158 4146; x_wconf 84' lang='lat'>⁸</span> <span class='ocrx_word' id='word_1_284' title='bbox 176 4119 206 4164; x_wconf 85' lang='lat' dir='ltr'>Ia</span> <span class='ocrx_word' id='word_1_285' title='bbox 223 4119 275 4166; x_wconf 81' lang='lat' dir='ltr'>eod.</span> <span class='ocrx_word' id='word_1_286' title='bbox 295 4120 328 4165; x_wconf 78' lang='lat' dir='ltr'>aio</span> <span class='ocrx_word' id='word_1_287' title='bbox 346 4127 394 4165; x_wconf 78' lang='lat' dir='ltr'>cet:</span> <span class='ocrx_word' id='word_1_288' title='bbox 419 4117 486 4174; x_wconf 77' lang='lat' dir='ltr'>Quia</span> <span class='ocrx_word' id='word_1_289' title='bbox 503 4070 724 4178; x_wconf 66' lang='lat' dir='ltr'>igiturblrstinere</span> <span class='ocrx_word' id='word_1_290' title='bbox 741 4116 769 4163; x_wconf 93' lang='lat' dir='ltr'>in</span> <span class='ocrx_word' id='word_1_291' title='bbox 788 4115 910 4178; x_wconf 85' lang='lat' dir='ltr'>patientia</span> <span class='ocrx_word' id='word_1_292' title='bbox 927 4130 977 4164; x_wconf 92' lang='lat' dir='ltr'>non</span> <span class='ocrx_word' id='word_1_293' title='bbox 996 4116 1123 4176; x_wconf 87' lang='lat' dir='ltr'>debemus,</span> <span class='ocrx_word' id='word_1_294' title='bbox 1143 4119 1171 4163; x_wconf 90' lang='lat' dir='ltr'>ut</span> <span class='ocrx_word' id='word_1_295' title='bbox 1189 4115 1221 4162; x_wconf 91' lang='lat' dir='ltr'>ab</span> <span class='ocrx_word' id='word_1_296' title='bbox 1240 4115 1331 4177; x_wconf 86' lang='lat' dir='ltr'>episco-</span> 
     </span>
    </p>
   </div>
   <div class='ocr_carea' id='block_1_4' title="bbox 55 4204 1332 4268">
    <p class='ocr_par' dir='ltr' id='par_1_4' title="bbox 55 4204 1332 4268">
     <span class='ocr_line' id='line_1_36' title="bbox 55 4204 1332 4268; baseline -0.002 -14"><span class='ocrx_word' id='word_1_297' title='bbox 55 4206 103 4268; x_wconf 88' lang='lat' dir='ltr'>pis,</span> <span class='ocrx_word' id='word_1_298' title='bbox 123 4204 169 4267; x_wconf 92' lang='lat' dir='ltr'>qui</span> <span class='ocrx_word' id='word_1_299' title='bbox 187 4208 305 4254; x_wconf 88' lang='lat' dir='ltr'>tenentur</span> <span class='ocrx_word' id='word_1_300' title='bbox 322 4205 385 4254; x_wconf 85' lang='lat' dir='ltr'>alios</span> <span class='ocrx_word' id='word_1_301' title='bbox 403 4206 436 4254; x_wconf 83' lang='lat' dir='ltr'>ad</span> <span class='ocrx_word' id='word_1_302' title='bbox 454 4205 640 4254; x_wconf 87' lang='lat' dir='ltr'>observantiam</span> <span class='ocrx_word' id='word_1_303' title='bbox 659 4205 815 4253; x_wconf 86' lang='lat' dir='ltr'>decretorum</span> <span class='ocrx_word' id='word_1_304' title='bbox 838 4209 979 4253; x_wconf 87' lang='lat' dir='ltr'>nostrornm</span> <span class='ocrx_word' id='word_1_305' title='bbox 997 4205 1128 4265; x_wconf 87' lang='lat' dir='ltr'>inducere,</span> <span class='ocrx_word' id='word_1_306' title='bbox 1152 4208 1245 4252; x_wconf 81' lang='lat' dir='ltr'>statuta</span> <span class='ocrx_word' id='word_1_307' title='bbox 1268 4204 1332 4253; x_wconf 85' lang='lat' dir='ltr'>sedis</span> 
     </span>
    </p>
   </div>
   <div class='ocr_carea' id='block_1_5' title="bbox 55 4293 1329 4411">
    <p class='ocr_par' dir='ltr' id='par_1_5' title="bbox 55 4293 1329 4411">
     <span class='ocr_line' id='line_1_37' title="bbox 55 4293 1329 4411; baseline -0.001 -15"><span class='ocrx_word' id='word_1_308' title='bbox 55 4346 192 4411; x_wconf 88' lang='lat' dir='ltr'>apostolice</span> <span class='ocrx_word' id='word_1_309' title='bbox 217 4293 355 4408; x_wconf 60' lang='lat' dir='ltr'>violentdlt,</span> <span class='ocrx_word' id='word_1_310' title='bbox 383 4346 552 4397; x_wconf 86' lang='lat' dir='ltr'>verecundum</span> <span class='ocrx_word' id='word_1_311' title='bbox 580 4345 652 4394; x_wconf 89' lang='lat' dir='ltr'>nobis</span> <span class='ocrx_word' id='word_1_312' title='bbox 678 4351 726 4404; x_wconf 84' lang='lat' dir='ltr'>est3</span> <span class='ocrx_word' id='word_1_313' title='bbox 754 4364 831 4395; x_wconf 79' lang='lat' dir='ltr'>vocem</span> <span class='ocrx_word' id='word_1_314' title='bbox 852 4351 936 4396; x_wconf 81' lang='lat' dir='ltr'>vacat</span> <span class='ocrx_word' id='word_1_315' title='bbox 961 4349 1040 4394; x_wconf 73' lang='grc'><strong>1111111</strong></span> <span class='ocrx_word' id='word_1_316' title='bbox 1062 4362 1143 4394; x_wconf 69' lang='lat' dir='ltr'>aanor</span> <span class='ocrx_word' id='word_1_317' title='bbox 1160 4349 1329 4408; x_wconf 62' lang='lat' dir='ltr'>supernupsit.</span> 
     </span>
    </p>
   </div>
   <div class='ocr_carea' id='block_1_6' title="bbox 55 4433 351 4498">
    <p class='ocr_par' dir='ltr' id='par_1_6' title="bbox 55 4433 351 4498">
     <span class='ocr_line' id='line_1_38' title="bbox 55 4433 351 4498; baseline 0.003 -14"><span class='ocrx_word' id='word_1_318' title='bbox 55 4433 67 4464; x_wconf 73' lang='lat'>¹³</span> <span class='ocrx_word' id='word_1_319' title='bbox 88 4437 127 4498; x_wconf 62' lang='grc' dir='ltr'><em>(ἶν’.</em></span> <span class='ocrx_word' id='word_1_320' title='bbox 146 4452 221 4497; x_wconf 74' lang='lat' dir='ltr'>cupra</span> <span class='ocrx_word' id='word_1_321' title='bbox 237 4452 272 4497; x_wconf 78' lang='lat' dir='ltr'>cp.</span> <span class='ocrx_word' id='word_1_322' title='bbox 291 4435 351 4485; x_wconf 81' lang='lat'><em>319.</em></span> 
     </span>
    </p>
   </div>
   <div class='ocr_carea' id='block_1_7' title="bbox 147 4590 327 4647">
    <p class='ocr_par' dir='ltr' id='par_1_7' title="bbox 147 4590 327 4647">
     <span class='ocr_line' id='line_1_39' title="bbox 147 4590 327 4647; baseline -0.006 -1"><span class='ocrx_word' id='word_1_323' title='bbox 147 4592 157 4622; x_wconf 92' lang='lat'><strong>¹</strong></span> <span class='ocrx_word' id='word_1_324' title='bbox 174 4590 327 4647; x_wconf 75' lang='lat' dir='ltr'>Matthaeo.</span> 
     </span>
    </p>
   </div>
   <div class='ocr_carea' id='block_1_8' title="bbox 0 0 1554 5056">
    <p class='ocr_par' dir='ltr' id='par_1_8' title="bbox 0 0 1554 5056">
     <span class='ocr_line' id='line_1_40' title="bbox 0 0 1554 5056; baseline 0 0"><span class='ocrx_word' id='word_1_325' title='bbox 0 0 1554 5056; x_wconf 95' lang='lat' dir='ltr'> </span> 
     </span>
    </p>
   </div>
  </div>
 </body>
</html>
