3098 5056
111 1410 386 1529 ΙΝΙΤΙΑ
424 1410 1027 1531 EPISTULARUM

490 1647 654 1689 COMPOSUIT

526 1788 552 1853 I.
577 1788 615 1853 F.

431 2157 493 2188 num.
506 2156 542 2196 cp.
1094 2160 1156 2193 num.
1169 2160 1204 2202 cp.

38 2221 107 2273 roria
124 2224 216 2272 nostra
234 2235 314 2271 non.
356 2258 362 2269 .
400 2258 406 2270 .
445 2258 451 2269 .
489 2223 540 2271 266
595 2215 768 2286 Audivimus,
787 2223 815 2273 15
843 2260 1118 2275 .......
1157 2227 1207 2276 129

38 2296 122 2343 autem
180 2329 451 2342 .......
506 2295 540 2342 45
595 2287 713 2344 Avidius
730 2295 758 2343 et
775 2291 914 2344 ardentius
932 2331 1118 2346 .....
1173 2298 1207 2348 47

38 2362 140 2415 55101155
158 2361 229 2414 sedis
267 2400 450 2413 .....
488 2365 540 2414 225

38 2434 160 2486 lientiam
178 2431 347 2500 apostolatus
365 2432 452 2484 nostri
594 2411 773 2478 Balmensem
791 2423 922 2478 abbatem
977 2465 983 2478 .
1022 2465 1028 2478 .
1066 2464 1073 2476 .
1111 2464 1117 2477 .
1157 2429 1207 2479 178

38 2507 95 2570 snit,
115 2504 196 2572 quod,
215 2520 278 2555 curn
296 2504 420 2555 canonici
443 2542 450 2555 .
488 2508 540 2557 370

38 2577 159 2629 lientiam
178 2574 347 2642 apostolatus
365 2575 452 2626 nostri
596 2553 689 2620 Causa
707 2583 789 2634 super
806 2566 990 2620 controversia
1022 2606 1028 2619 .
1066 2607 1072 2619 .
1111 2607 1117 2619 .
1155 2571 1207 2621 228

38 2648 96 2712 mit,
116 2646 189 2714 quod
207 2663 270 2697 cum
288 2644 447 2698 recolendae
488 2650 539 2699 272
595 2642 714 2697 Causam
732 2645 803 2699 cella
844 2685 1117 2698 .......
1156 2652 1207 2701 145

38 2719 160 2771 licntiam
178 2716 347 2785 apostolatus
366 2716 451 2769 nostri
567 2732 569 2791 p
595 2713 722 2782 Causam,
742 2718 885 2785 quainter
934 2757 1117 2770 .....
1155 2723 1207 2772 300

38 2789 136 2841 undam
178 2827 450 2840 .......
488 2793 539 2841 355
595 2784 791 2840 celsitudinem
809 2792 929 2842 vestram
977 2828 983 2840 .
1022 2829 1027 2840 .
1066 2829 1072 2840 .
1111 2829 1116 2840 .
1172 2795 1207 2843 40

38 2862 158 2913 1150115οι
176 2865 297 2911 nostram
316 2859 446 2912 noveritis
488 2864 539 2912 376
566 2850 569 2937 l
595 2855 674 2912 Certe
692 2859 756 2926 dixi,
775 2863 806 2911 ut
843 2899 1116 2912 .......
1174 2866 1206 2914 19

38 2930 242 2999 1500500515οι
266 2969 450 2982 .....
489 2935 540 2984 164
595 2927 707 2983 Certum
725 2930 800 2998 apud
818 2947 868 2983 nos
887 2969 1116 2984 ......
1155 2937 1207 2986 160

37 3020 93 3055 tex
111 3003 317 3070 dispositione.
355 3041 361 3052 .
399 3041 405 3052 .
444 3040 450 3052 .
489 3006 540 3055 372
595 2998 706 3054 Certum
725 3006 767 3054 est
784 3006 812 3054 ct
828 3000 977 3054 multarum
1022 3041 1028 3054 .
1083 3006 1135 3054 240
1154 3007 1206 3056 418

38 3076 90 3126 :in
108 3073 221 3126 ecclesia
238 3072 316 3126 Dei.
354 3112 360 3123 .
399 3112 405 3123 .
444 3112 450 3123 .
488 3078 540 3126 398
595 3069 705 3126 Certum
725 3077 772 3137 est,
792 3072 992 3125 Tornaccnsem
1021 3113 1027 3126 .
1065 3112 1072 3125 .
1110 3112 1116 3125 .
1156 3078 1207 3127 184

49 3145 122 3213 quod
141 3143 253 3197 fecimus
310 3184 316 3195 .
355 3182 360 3194 .
399 3184 405 3195 .
444 3183 450 3194 .
488 3148 540 3197 210
595 3140 688 3196 Claret
705 3143 883 3212 intelligentie
902 3148 948 3197 tue
976 3184 982 3197 .
1020 3184 1027 3196 .
1065 3182 1071 3196 .
1110 3183 1116 3196 .
1173 3150 1206 3198 83

37 3223 112 3268 atram
130 3217 239 3268 noveris
266 3254 450 3267 .....
488 3219 539 3269 276
594 3211 706 3268 01511515
723 3216 815 3284 igitur,
835 3216 883 3283 qui
931 3254 1116 3267 .....
1156 3220 1205 3268 133

37 3306 70 3338 00
89 3291 194 3355 spectat
221 3325 449 3338 ......
489 3291 539 3340 189
594 3282 725 3339 005155115
744 3285 860 3339 altitudo
886 3325 1115 3338 ......
1154 3291 1204 3339 421
1249 3333 1256 3348 ,

37 3363 86 3411 rte
104 3361 134 3409 in
177 3396 449 3410 .......
505 3362 538 3411 28
594 3353 740 3409 Confessus
758 3374 795 3422 es,
814 3361 841 3409 te
859 3373 908 3424 per
931 3396 1116 3410 .....
1155 3363 1205 3411 107

37 3448 68 3481 05
86 3428 315 3482 fraternitatem.
353 3467 359 3480 .
398 3468 404 3479 .
442 3467 448 3481 .
488 3433 538 3481 154
565 3454 567 3485 v
593 3425 831 3496 Conquerentibus
849 3426 928 3481 nobis
946 3427 1051 3481 dilectis
1109 3467 1115 3480 .
1154 3433 1205 3482 253

37 3518 69 3552 05
87 3500 218 3553 moniales
264 3539 448 3552 .....
487 3504 537 3553 217
565 3488 567 3575 l
593 3496 741 3568 Conquesti
760 3504 824 3552 5001
842 3497 921 3552 nobis
976 3539 982 3552 .
1020 3539 1026 3552 .
1065 3538 1071 3550 .
1109 3538 1115 3550 .
1154 3504 1205 3553 368

40 3591 56 3622 0
76 3576 103 3624 51
121 3571 314 3623 rationabile.
353 3609 359 3622 .
397 3610 403 3623 .
442 3609 448 3622 .
488 3575 538 3624 136
565 3578 567 3589 “
593 3567 765 3638 Conquestus
783 3575 825 3623 est
842 3570 1026 3623 Beruardus.
1065 3609 1071 3621 .
1110 3610 1116 3621 .
1155 3574 1206 3623 110

37 3644 89 3694 sius
107 3642 230 3694 Romane
265 3681 448 3694 .....
523 3647 538 3694 5
593 3639 764 3694 Constitutus
781 3642 811 3692 in
828 3642 965 3709 presentia
1020 3681 1025 3693 .
1065 3680 1070 3692 .
1109 3680 1115 3692 .
1154 3645 1205 3694 237

37 3718 99 3766 551
117 3713 240 3766 [ohanna
264 3752 448 3764 .....
504 3718 537 3766 29
593 3710 737 3765 Consuluit
755 3714 919 3780 parvitatem
974 3752 980 3764 .
1019 3752 1025 3764 .
1064 3751 1070 3763 .
1109 3751 1115 3763 .
1154 3716 1205 3766 103

37 3784 218 3836 lilectissimus
264 3823 448 3836 .....
504 3790 537 3838 93
592 3781 755 3838 0001105100
772 3785 920 3851 inscripto
939 3782 1058 3852 quodam
1109 3822 1115 3835 .
1154 3787 1206 3837 254

37 3856 102 3908 licae
121 3856 315 3908 auctoritatis.
353 3895 359 3906 .
398 3895 404 3906 .
442 3895 448 3907 .
504 3860 537 3908 37
592 3852 791 3922 Controversia,
811 3871 881 3924 quac
899 3857 970 3907 inter
1018 3894 1025 3907 .
1063 3894 1069 3907 .
1108 3893 1115 3906 .
1155 3859 1205 3907 166

37 3927 84 3980 1155
102 3927 173 3979 sedis
191 3927 351 3979 auctoritate
397 3966 403 3978 .
441 3966 448 3978 .
486 3930 537 3980 263
592 3924 820 3991 Controversiam,
840 3942 910 3994 quac
928 3926 1205 3978 10151159176232

37 4003 107 4050 entes
126 3999 223 4051 merita
263 4037 447 4050 .....
486 4003 537 4051 334
592 3995 702 4050 Crimen
720 3997 801 4064 istud,
821 3996 895 4065 quod
930 4035 1115 4049 .....
1155 4000 1205 4050 106

37 4074 106 4122 entes
124 4086 207 4137 quam
226 4071 261 4121 sit
278 4067 446 4137 indignum.
485 4073 537 4122 256
592 4066 662 4121 Cum
681 4086 698 4122 a
716 4068 795 4121 nobis
813 4069 922 4136 petitur,
946 4067 1020 4135 quod
1039 4083 1056 4120 a
1074 4067 1115 4119 iu·

36 4142 105 4192 15115
123 4145 213 4192 nostre
262 4180 268 4192 .
306 4180 312 4192 .
352 4180 357 4191 .
396 4180 402 4192 .
441 4179 446 4191 .
486 4145 536 4194 123
626 4141 717 4192 5111155
750 4177 1114 4192 .........
1152 4143 1205 4191 420

36 4213 84 4263 ius
102 4210 265 4264 venerabilis
307 4251 313 4262 .
352 4251 358 4262 .
396 4251 402 4263 .
441 4251 446 4262 .
503 4216 536 4264 55
591 4208 662 4264 Cum
680 4210 789 4264 anobis
803 4210 912 4278 petitur,
926 4209 1000 4278 quod
1012 4211 1116 4262 iustum
1153 4208 1235 4261 423

36 4287 76 4334 155
95 4299 112 4334 5
129 4282 254 4350 pluribus
308 4322 313 4333 .
352 4322 358 4333 .
397 4322 402 4334 .
441 4322 447 4333 .
485 4286 536 4335 324
591 4279 662 4335 Cum
680 4282 754 4350 apud
772 4285 897 4334 sanctum
928 4319 1114 4333 .....
1154 4285 1205 4333 173

48 4354 122 4422 quod
140 4353 255 4406 dilectus
308 4393 314 4404 .
352 4393 358 4404 .
397 4393 403 4405 .
441 4393 447 4404 .
485 4357 536 4406 312
591 4350 662 4405 Cum
679 4352 768 4405 bonae
787 4353 933 4405 memoriae
950 4349 1106 4418 Adbertus)
1153 4356 1205 4404 404

36 4442 60 4477 m
78 4429 201 4477 nostrum
218 4464 446 4477 ......
486 4428 536 4477 123
590 4421 661 4476 Cnm
679 4423 768 4476 bonae
786 4423 932 4475 memoriae
951 4421 1070 4475 Petrus.
1108 4462 1115 4474 .
1153 4426 1205 4475 357

36 4512 91 4548 005
109 4495 238 4549 abbatem
262 4535 446 4548 .....
485 4500 535 4547 143
591 4493 660 4548 Cum
679 4511 769 4560 causa,
789 4509 860 4563 quae
877 4495 979 4546 inter.
1018 4534 1024 4546 .
1064 4533 1070 4546 .
1109 4533 1115 4545 .
1154 4498 1204 4545 241

36 4583 91 4619 005
109 4566 254 4636 Hugonem
306 4607 312 4618 .
351 4607 357 4618 .
395 4606 401 4618 .
440 4606 446 4618 .
503 4570 536 4619 74
590 4563 661 4620 Cum
679 4567 838 4641 commissae
856 4563 936 4616 nobis
974 4605 980 4617 .
1019 4605 1025 4617 .
1064 4604 1070 4616 .
1109 4604 1116 4617 .
1155 4568 1206 4617 326
