3098 5056
402 277 590 332 Armxnxum
607 290 647 333 111
665 292 832 333 xrrsronna
851 279 910 333 296.
932 279 982 333 297
1266 266 1325 327 171

56 443 144 510 296.
167 443 332 502 Alexander
344 443 396 501 ΙΙΙ
412 443 447 502 ic
463 444 645 518 purtlwnocc
658 445 948 520 Montis-martyrum
968 444 1134 502 Parisicnsa'
1146 445 1218 520 plus
1241 463 1330 521 qaam

170 552 211 610 60
233 567 345 608 sereres
367 549 484 608 admitti
507 556 588 609 cetat.

310 651 523 722 Autngraphum
541 651 571 705 in
588 650 675 706 tabul.
695 657 752 706 nat.
771 651 858 706 Paris.
878 651 910 705 L.
931 651 983 706 230
1001 669 1028 705 n.
1047 653 1072 704 4.

143 791 333 860 Alexander
364 793 532 877 episcopus
566 816 676 858 servus
709 814 870 858 servorum
895 793 957 857 Dei
990 792 1115 856 dilectis
1142 793 1175 856 in
1204 792 1331 859 Christo
1350 799 1504 858 1166-79

57 903 245 967 filiabus..
270 899 436 963 abbatisse
464 904 497 963 et
523 899 718 965 monialibus
746 899 880 964 ecclesie
903 899 1023 963 Montis
1053 899 1223 963 martirum
1247 900 1331 964 salu·
1371 887 1444 962 ΑΡΥ·
1457 890 1485 947 4·

57 1015 121 1074 tem
145 1013 179 1072 et
203 1004 415 1090 apostolicam
441 1005 707 1070 benedictionem.
744 1005 845 1087 Vigili
868 1027 1026 1085 ouranos
1046 1007 1193 1069 convenit
1216 1008 1333 1090 exequi

57 1136 117 1197 que
146 1113 190 1177 ad
218 1111 493 1177 conversationem
525 1111 690 1193 religionis
722 1113 886 1196 pertinent
917 1117 950 1176 et
977 1112 1019 1176 ad
1042 1112 1196 1175 virtutum
1219 1134 1331 1196 prove-

57 1222 125 1285 niat
148 1221 393 1298 incrementum,
427 1202 601 1300 quianon
633 1218 793 1283 modicam
826 1239 883 1282 sue
916 1217 1083 1300 dignitatis
1110 1225 1236 1301 partem
1260 1239 1331 1283 eva-

57 1332 165 1407 cuant,
191 1326 247 1407 qui
269 1326 360 1388 iuxta
382 1323 519 1406 gradum
543 1346 637 1388 suum
660 1325 702 1389 ad
727 1324 968 1408 propagandam
986 1324 1175 1406 religionem
1199 1325 1332 1408 diligen·

57 1434 120 1496 tius
145 1454 211 1496 non
233 1431 393 1496 laborant.
440 1429 488 1494 Ne
517 1436 626 1494 autem
655 1432 689 1495 in
720 1430 927 1495 multitudine
953 1431 1212 1512 recipiendarum
1245 1453 1332 1497 soro·

56 1561 128 1602 rum
167 1537 399 1604 monasterium
436 1534 612 1600 admodum
656 1544 849 1620 aggravetur
889 1542 922 1600 et
957 1536 1121 1619 religionis
1162 1538 1332 1604 dissolutio

56 1644 236 1728 proveniat,
261 1645 288 1707 si
312 1663 437 1708 sorores
461 1664 520 1725 pro
538 1645 795 1708 necessariorum
813 1644 948 1726 penuria
968 1648 1079 1707 coacte
1102 1642 1223 1708 fuerint
1246 1644 1332 1708 clau-

57 1758 161 1816 strum
186 1751 272 1814 exire
296 1755 329 1814 et
350 1749 508 1831 regularis
537 1749 741 1814 observantie
773 1754 896 1813 statuta
928 1749 1105 1832 negligere,
1139 1751 1332 1815 auctoritate

57 1857 238 1942 apostolica
261 1859 443 1937 statuimus,
467 1861 504 1919 ut
526 1855 659 1920 redacto
683 1855 725 1919 ad
749 1856 995 1937 sexagenarium
1024 1878 1158 1921 numero
1187 1879 1333 1922 sororum

55 1970 240 2029 vestrarum
263 1963 296 2026 in
319 1962 456 2027 ecclesia
478 1968 586 2025 vestra
608 1960 696 2025 ultra
714 1962 882 2043 sexaginta
900 1961 1007 2025 nullas
1026 1961 1162 2027 ulterius
1188 1965 1333 2046 recipere

57 2070 215 2151 debeatis,
239 2068 442 2152 presentibus
466 2067 556 2133 vobis
579 2068 697 2132 litteris
716 2067 933 2151 prohibemus.
978 2066 1102 2131 Datum
1119 2068 1276 2133 Laterani
1298 2061 1333 2132 Π

56 2177 139 2242 Non.
165 2175 298 2259 Aprilis.

57 2516 144 2584 297.
167 2517 331 2577 Ahaundcr
353 2516 404 2575 ΙΙΙ
429 2517 556 2591 capitulo
593 2516 801 2575 Octaluanccsi
827 2516 984 2591 pracepit,
1016 2521 1050 2574 at
1081 2523 1132 2576 eut
1161 2516 1203 2575 W.
1234 2516 1333 2575 clcrr'co

171 2624 341 2700 beneficium
369 2623 403 2681 in
429 2623 543 2681 cccbcia
573 2622 723 2698 msipncrc
752 2622 876 2681 ulterius
907 2628 1121 2680 coarctarent
1150 2628 1202 2680 aut
1225 2622 1334 2680 litteras

171 2731 307 2803 titillatus,
339 2747 412 2805 qima
434 2729 469 2787 ia
491 2729 705 2787 cremationem
732 2748 820 2787 sciam
841 2729 1009 2804 proferant,
1039 2729 1251 2805 archiepiscopo
1279 2728 1332 2786 Rc-

169 2836 266 2896 mend
289 2835 446 2895 scandant.

165 2938 233 3009 Reg.
252 2936 334 2991 Alex.
352 2936 450 3007 fragm.
470 2952 512 3006 ep.
532 2938 557 3003 5,
576 2936 605 2990 in
624 2935 682 2990 cod.
697 2935 766 2991 0011.
785 2935 913 2990 Trinitat.
934 2935 1094 3007 Cantabrig.
1103 2937 1137 2991 R.
1148 2936 1173 2990 9.
1186 2937 1226 2989 lv.

581 3042 602 3079 s.
621 3038 669 3078 ΧΠ
687 3024 733 3079 fol.
754 3025 812 3080 109.

147 3167 330 3251 Episcopo1
353 3172 385 3230 et
408 3165 534 3230 dilectis
557 3166 650 3230 filiis·
673 3168 817 3233 deoan0²
840 3173 873 3231 et
897 3167 1038 3250 capitulo
1062 3166 1507 3235 Cathalaunensis1178-79

57 3274 203 3339 ecclesie.
251 3271 354 3356 Super
380 3272 491 3338 labore
516 3273 625 3337 dilecti
652 3272 710 3337 filii
737 3274 840 3339 nostri
863 3271 915 3338 W.
946 3273 1068 3354 clerici,
1096 3275 1222 3356 nepotis
1250 3273 1333 3337 bone
1373 3265 1495 3324 &Mali-

56 3380 213 3445 memorie
235 3379 302 3461 R.⁸,
336 3379 499 3462 quondam
531 3379 750 3444 archidiaconi
772 3380 887 3460 vestri,
921 3379 977 3462 qui
1000 3380 1066 3442 iam
1088 3379 1188 3444 tercio
1212 3377 1254 3442 ad
1276 3400 1333 3443 no-

57 3493 161 3551 stram
183 3487 381 3569 presentiam
413 3485 583 3568 laboravit,
616 3492 752 3569 paterno
777 3485 895 3550 affectu
927 3486 1140 3569 compatimur
1168 3491 1201 3549 et
1228 3505 1333 3550 move-

56 3614 144 3673 mur,
177 3590 262 3654 sicut
289 3591 328 3656 de
350 3593 475 3656 ratione
507 3613 679 3674 possumus
711 3598 743 3656 et
766 3592 930 3656 debemus
978 3589 1063 3656 Olim
1091 3591 1264 3673 siquidem,
1297 3595 1334 3654 ut

56 3698 140 3764 bene
163 3697 345 3780 recolimus,
369 3697 459 3763 vobis
491 3720 549 3781 pro
573 3719 610 3763 eo
633 3719 745 3782 preces
769 3698 925 3763 sollicitas
949 3698 1150 3781 porreximus
1174 3703 1206 3761 et
1229 3703 1334 3762 atten-

57 3813 118 3884 tas,
145 3809 178 3868 et
200 3825 267 3885 vos,
291 3805 376 3868 sicut
399 3804 520 3885 decuit,
550 3805 579 3868 ei
606 3805 800 3887 promisistis
829 3805 1016 3869 interventu
1040 3809 1207 3880 nostroet
1230 3803 1333 3868 consi-

57 3911 227 3977 deratione
250 3912 316 3974 iam
343 3910 421 3975 dicti
448 3910 667 3976 archidiaconi
698 3912 893 3994 provisuros·
940 3910 1087 3975 Vacante
1114 3915 1333 3991 tamenpost-

56 4017 191 4083 modum
222 4015 387 4100 prebenda
418 4017 562 4081 eiusdem
594 4016 828 4099 archidiaconi,
861 4038 994 4101 precum
1026 4020 1210 4080 nostrarum
1242 4014 1335 4079 obliti

56 4124 154 4188 dictis
187 4122 274 4187 facta
305 4123 489 4187 nullatenus
522 4124 764 4207 compensastis
820 4121 964 4206 Cumque
996 4121 1201 4205 postmodum
1238 4141 1335 4204 super

56 4231 173 4295 eadem
204 4229 390 4312 praebenda
421 4229 549 4294 litteras
576 4229 758 4310 habuisset,
792 4229 909 4311 quibus
932 4229 1025 4294 vobis
1048 4228 1264 4310 precepimus,
1297 4232 1335 4290 ut

147 4414 159 4439 ⁸
177 4412 203 4459 in
220 4413 299 4460 codice
316 4415 417 4474 equitur
434 4417 466 4461 et.

148 4511 309 4568 ¹Guidoni.
399 4514 537 4570 ²Iac0bo.
628 4513 765 4568 ³videtur
788 4529 847 4567 esse
865 4512 1012 4567 Rainerius
1035 4509 1258 4577 archidiaconus,
1286 4511 1333 4580 qui
1452 4516 1456 4522 '

57 4607 176 4673 apparet
193 4601 223 4656 in
241 4601 339 4658 tabula
356 4603 423 4657 anni
442 4605 511 4658 1140
529 4621 573 4673 ap.
592 4602 665 4657 Gall.
684 4601 784 4656 Christ.
804 4600 841 4655 X.
860 4601 944 4656 Instr.
965 4603 1024 4655 171.
