3098 5056
451 268 642 320 Anuxxunal
662 281 697 320 111
718 281 885 321 nrrsrouxn
905 269 956 324 269
1279 255 1340 317 153

61 430 193 513 penitus
215 427 408 492 inconsultis
430 427 562 508 homini,
595 429 647 491 cui
669 428 802 511 placuit,
831 450 896 493 non
920 429 971 492 cui
995 428 1118 509 decuit,
1143 429 1496 512 assignasti.11178in.

61 537 110 600 De
138 534 286 618 generali
313 533 444 615 quidem
474 535 678 599 institutione
711 535 866 599 ecclesiae
897 537 1236 601 excommunicationis
1272 558 1341 600 sen-

62 645 164 709 tentie
190 640 395 722 subiacebat,
429 640 507 722 quia
538 662 603 705 non
628 641 731 706 solum
754 642 788 704 in
813 641 946 706 clericos
974 642 1133 706 violentas
1156 663 1271 705 manus
1294 643 1341 705 in-

62 753 195 830 iecerat,
219 769 332 811 verum
356 748 455 810 etiam
479 747 647 829 episcopos
666 754 699 811 11
715 746 851 811 abbates
868 748 970 812 multe
988 748 1153 830 religionis
1177 754 1210 812 et
1233 754 1342 814 aucto-

63 857 171 921 ritatis
205 855 337 937 capiens
367 854 610 936 mancipaverat
642 843 793 918 custodie*
819 856 989 934 carcerali,
1023 876 1161 937 quorum
1193 877 1276 918 unus
1308 856 1342 919 in

64 965 132 1029 eius
156 962 347 1044 captivitate
372 959 542 1025 defunctus
567 965 629 1039 est,
661 980 839 1042 perquem
862 959 951 1025 Deus
982 967 1019 1024 ut
1041 960 1222 1024 audivimus
1245 962 1341 1025 mira-

64 1071 136 1135 cula
160 1069 271 1151 sepius
295 1072 456 1151 operatur.
503 1066 569 1132 Pro
592 1066 642 1129 his
666 1072 775 1129 tamen
799 1087 863 1130 non
887 1067 1099 1148 cessavimus,
1132 1067 1209 1148 q'uin
1236 1066 1341 1149 pref-

62 1179 105 1242 tis
122 1175 249 1255 Grecis,
274 1175 358 1238 sicut
379 1179 490 1238 nostro
510 1179 543 1236 et
564 1179 621 1236 tuo
645 1172 759 1237 honori
782 1171 920 1236 vidimus
940 1173 1102 1255 expedire,
1123 1174 1342 1237 curaverimus

63 1283 195 1350 obviare
229 1287 261 1346 et
292 1280 559 1363 impedimentum
592 1279 731 1361 amplius
755 1279 974 1361 pertulissent,
1003 1280 1066 1343 nisi
1088 1285 1125 1342 tu
1152 1279 1221 1362 ipse
1249 1279 1342 1344 nobis

64 1388 283 1454 subtraxisses
315 1387 409 1468 vires,
444 1387 528 1450 sicut
559 1407 617 1469 per
648 1386 714 1448 iam
747 1384 869 1448 dictum
901 1385 937 1449 Τ.
963 1386 1090 1469 plenius
1121 1407 1340 1467 recognosces

63 1497 230 1578 Rogamus
253 1494 364 1576 itaque
389 1493 596 1556 serenitatem
620 1498 712 1555 tuam
735 1492 891 1555 attentius
916 1497 1155 1556 commonentes
1185 1498 1218 1556 et
1240 1492 1342 1557 modis

65 1603 182 1686 quibus
206 1621 377 1683 possumus
402 1598 621 1680 exhortantes,
646 1599 800 1683 quatinus
824 1619 951 1663 omnem
974 1598 1144 1662 materiam
1170 1599 1342 1665 detractio·

64 1711 113 1773 nis
137 1714 171 1772 et
189 1706 387 1790 suspitionis,
408 1711 566 1788 quantum
585 1706 618 1768 in
642 1711 674 1768 te
698 1710 757 1785 est,
778 1704 909 1769 studeas
929 1726 1087 1786 amovere,
1112 1707 1185 1787 paci
1209 1706 1342 1770 ecclesie
1446 1746 1448 1753 ,

63 1822 95 1880 11
116 1814 256 1898 imperii,
281 1833 364 1894 quae
388 1812 573 1876 necessaria
597 1818 647 1876 est
670 1811 854 1892 admodum,
878 1833 942 1876 non
959 1811 1016 1874 uni
1039 1816 1167 1875 tantum
1191 1818 1241 1876 set
1262 1813 1341 1875 utri-

63 1943 125 2005 que
150 1919 312 1984 ferventer
334 1917 495 2000 intendas,
520 1919 673 2000 quatinus
696 1940 768 2000 nos,
795 1919 879 1982 sicut
900 1917 1124 2000 desideranter
1151 1919 1341 2001 recepimus,
1443 1942 1445 1947 ⁸

62 2031 108 2093 ita
132 2027 233 2091 etiam
255 2024 327 2106 tibi,
350 2023 417 2088 fflio
440 2028 507 2101 tuo,
532 2024 732 2107 principibus
748 2024 897 2089 omnibus
911 2030 980 2089 tarn
998 2025 1225 2089 ecclesiasticis
1245 2046 1342 2107 quam

61 2133 236 2198 mundanis
270 2152 398 2195 servare
431 2151 558 2213 semper
589 2131 737 2195 volumus
770 2137 802 2194 et
829 2137 978 2214 optamus
1007 2138 1040 2196 et
1072 2130 1238 2196 advocatis
1270 2153 1342 2215 per·
1413 2130 1415 2133 ’

61 2240 161 2306 sonis,
186 2259 245 2322 per
264 2259 345 2320 quas
359 2259 424 2320 pax
447 2243 497 2301 est
514 2238 599 2300 inter
616 2259 675 2302 nos
695 2243 826 2303 auctore
842 2238 982 2303 Domino
1000 2238 1187 2320 reformata,
1208 2223 1240 2301 et
1258 2238 1341 2318 aliie,

61 2348 90 2410 si
113 2345 235 2409 videris
259 2343 473 2425 advocandos,
498 2365 560 2426 que
584 2345 744 2427 promissa
764 2349 839 2408 sunt
858 2345 1019 2427 compleas
1039 2349 1072 2408 et
1095 2367 1157 2427 que
1181 2344 1342 2428 completa

62 2458 142 2517 sunt
163 2450 395 2516 inviolabiliter
413 2472 477 2515 non
496 2451 641 2532 negligas
661 2451 842 2515 observare.
886 2449 953 2515 Nos
977 2451 1063 2515 enim
1086 2450 1341 2534 magnitudinem

60 2566 154 2624 tuam
177 2558 327 2623 nolumus
352 2546 511 2638 dubitare,
527 2557 614 2639 quod
627 2557 742 2622 honori
759 2563 815 2622 tuo
830 2564 863 2620 11
877 2558 1003 2640 imperii
1023 2578 1158 2640 semper,
1184 2563 1341 2640 quantum

60 2666 152 2731 Deus
183 2663 319 2745 dederit,
352 2664 442 2727 iuxta
474 2665 578 2728 nostri
601 2662 699 2729 officii
722 2664 867 2728 debitum
897 2663 1116 2745 intendemuS,
1149 2664 1226 2728 licet
1248 2670 1342 2747 pater

60 2771 243 2839 communis
268 2791 307 2834 ex
331 2768 436 2835 officio
460 2771 602 2834 omnium
625 2771 752 2834 litteras
782 2775 814 2833 et
841 2770 971 2834 nuntios
999 2771 1143 2853 recipere
1167 2770 1341 2835 debeamus

61 2885 95 2945 11
118 2879 212 2942 iuxta
235 2876 427 2959 qualitatem
446 2878 605 2941 mittentis
629 2882 662 2940 et
684 2877 775 2940 missi
799 2897 863 2956 101,
885 2878 940 2957 qui
960 2875 1001 2940 ad
1020 2883 1165 2942 nostram
1185 2877 1343 2941 accedunt

61 2985 293 3069 praesentiam,
317 2989 528 3065 pertractare.

61 3237 153 3303 aea.
177 3202 341 3296 111111
362 3237 415 3295 m
431 3255 451 3295 a
472 3236 763 3313 1111111111
785 3236 958 3295 1111111
981 3235 1070 3294 111
1096 3236 1223 3294 asma
1249 3242 1340 3295 aava·

175 3363 260 3420 querc
280 3350 361 3402 octat.

171 3461 412 3517 Β1111.1111.Ρ1111.
433 3465 458 3532 1)
478 3480 529 3516 ms.
548 3463 695 3517 11112776
714 3480 734 3516 s.
745 3476 816 3516 xvn
832 3461 955 3528 f01.208;
975 3462 1001 3530 2)
1021 3477 1071 3514 ms.
1085 3462 1133 3515 lat.
1149 3462 1234 3516 12879

342 3551 390 3606 fol.
410 3552 469 3606 150.
500 3551 655 3622 Descripsit
672 3551 800 3605 Martene
818 3568 852 3605 ex
871 3549 1051 3621 autographo.

151 3694 338 3759 Alexander
362 3695 531 3776 episcopus
556 3715 666 3759 servus
691 3713 856 3757 servorum
875 3692 938 3757 Dei
960 3693 1087 3757 dilectis
1110 3691 1185 3757 filiis
1209 3692 1340 3757 abbati²
1381 3703 1464 3760 1178

61 3809 96 3867 11
118 3800 262 3884 capitulo
276 3800 410 3866 Maioris
424 3802 613 3865 monasterii
628 3800 765 3864 salutem
780 3805 813 3863 et
836 3799 1048 3881 apostolicam
1071 3798 1337 3863 benedictionem.
1355 3791 1491 3866 Α11122·

62 3909 145 3974 Cum
164 3906 293 3973 omuino
313 3908 356 3971 sit
377 3907 529 3971 indecens
553 3914 586 3972 et
609 3907 806 3972 contrarium
828 3907 957 3987 rationi,
982 3911 1020 3969 ut
1037 3905 1113 3969 laici
1137 3905 1277 3970 debeant
1299 3904 1340 3968 ab

62 4015 229 4098 aliquibus
261 4014 380 4079 nedum
408 4015 527 4078 aviris
558 4014 717 4096 religiosis
747 4013 890 4094 recipere
920 4012 1075 4094 decimae,
1109 4011 1341 4095 providendum

61 4123 157 4189 nobis
177 4126 237 4202 est,
260 4141 301 4184 ne
319 4142 385 4200 voe,
410 4120 466 4202 qui
485 4119 545 4211 sub
563 4119 728 4201 religionis
747 4119 862 4204 babitu
880 4125 1010 4200 gratum
1030 4118 1189 4183 exhibetis
1202 4116 1340 4182 Domino

62 4227 270 4308 famulatum,
295 4227 463 4291 exactione
488 4224 686 4288 decimarum
711 4226 842 4309 possitis
871 4246 890 4288 a
917 4225 1009 4289 laicis
1038 4224 1179 4306 fatigari.
1217 4225 1340 4306 Eapro-

61 4340 145 4417 pter,
180 4332 290 4398 dilecti
313 4334 347 4396 in
370 4331 509 4396 Domino
539 4330 608 4411 filii,
641 4333 757 4396 vestris
789 4332 884 4395 iustis
901 4329 1189 4414 postulationibus
1213 4336 1342 4411 gratum

100 4574 102 4578 ,
151 4512 161 4541 ¹
179 4509 309 4566 Conrado
327 4510 362 4563 de
380 4508 573 4575 Luetzelhard,
591 4509 624 4564 cf.
644 4508 752 4576 1111111,
771 4509 883 4564 Forsch.
903 4527 926 4562 z.
945 4507 1128 4562 111111θί1111-
1142 4505 1340 4578 undltechtsg.

60 4601 101 4654 ΙΙ.
123 4600 184 4654 253.
258 4599 422 4653 'Hervaeo
