3098 5056
403 283 593 338 Anaxaunnr
611 292 648 332 111
666 289 833 331 nrrsronnn
852 277 912 331 307.
931 275 983 330 308
1265 260 1327 321 179

51 450 268 536 prescriptum
291 464 404 530 nemus
427 444 604 506 memorate
628 438 773 517 ecclesie,
802 436 957 501 dilatione
981 442 1014 500 et
1037 435 1253 520 appellatione
1280 434 1444 500 re·1179.

51 564 150 638 mota,
175 552 304 620 restitui
328 549 466 614 faciatis.
504 546 723 611 Restitutione
742 549 852 608 autem
875 543 972 624 facta,
997 544 1025 607 si
1047 543 1197 608 monachi
1219 542 1330 609 ordine

53 662 224 728 iudiciario
246 658 410 724 voluerint
433 653 587 738 experiri,
621 671 753 716 causam
781 649 967 732 diligentius
996 649 1163 715 audientes
1190 648 1254 713 fine
1277 670 1330 713 cu-

53 770 130 835 retis
154 788 297 850 congruo
320 762 505 827 terminare.

55 1003 141 1070 307.
165 1001 330 1063 Alexander
352 998 403 1058 ΙΙΙ
426 996 556 1055 abbatem
578 994 747 1053 Becmnaaa
778 999 804 1052 et
831 992 973 1051 decoctum
1000 992 1240 1069 Rotomupeasem
1265 1011 1332 1051 coa-

164 1109 262 1168 stituit
284 1106 394 1165 iudices
421 1103 497 1161 inter
523 1102 557 1161 G.
581 1101 756 1160 coactarum
780 1100 1020 1175 Rotomapeueem
1047 1105 1073 1158 et
1098 1100 1204 1176 fratrea
1233 1097 1263 1158 S.
1286 1099 1332 1157 Io-

164 1215 277 1275 hannis
299 1213 332 1271 de
354 1209 531 1284 Montesorle'.

380 1329 450 1399 Reg.
469 1326 550 1382 Alex.
569 1326 667 1397 fragm.
687 1342 728 1396 ep.
749 1326 791 1392 62,
810 1324 828 1378 l.
847 1324 865 1378 l.
884 1325 931 1380 fol.
952 1325 1010 1380 127.

142 1493 282 1560 Dilectis
310 1490 386 1554 filiis
415 1487 548 1552 abbatil
575 1486 731 1551 Beccensi
759 1493 792 1549 et
818 1485 986 1570 R(oberto)
1014 1486 1135 1552 decano
1158 1487 1449 1561 Rothoma·1179,

55 1603 157 1687 gensi.
206 1597 348 1681 Querela
380 1595 490 1659 dilecti
521 1592 581 1657 filii
612 1593 715 1657 nostri
747 1591 787 1658 G.
816 1592 1089 1674 Rothomagensis
1119 1595 1265 1659 canonici
1293 1594 1335 1658 ad

55 1731 113 1775 nos
136 1706 333 1771 transmissa
356 1701 512 1786 pervenit,
537 1699 623 1783 quod
647 1697 749 1763 abbas
773 1704 806 1762 et
829 1700 976 1764 canonici
995 1700 1100 1763 sancti
1117 1698 1271 1764 Iohannis
1296 1701 1335 1765 de

54 1816 166 1881 Monte
191 1812 287 1878 fortir
319 1807 456 1874 fundum
491 1805 653 1889 quendam
685 1803 822 1868 eundem
855 1804 894 1871 G.
924 1810 957 1868 et
988 1804 1122 1869 fratrem
1149 1827 1243 1869 suum
1266 1807 1336 1870 iure

55 1919 255 1988 hereditario
288 1917 527 1997 contingentem
559 1912 677 2005 iniuste
710 1911 856 1976 detinent
888 1917 920 1976 et
951 1912 985 1975 in
1017 1932 1055 1976 eo
1084 1913 1277 1976 cimiterium
1304 1919 1337 1977 et
1375 1986 1379 1997 Ι

55 2027 237 2094 oratorium
258 2045 323 2088 non
355 2023 424 2086 sine
449 2019 616 2102 dispendio
644 2018 788 2082 matricis
817 2018 961 2098 ecclesie,
985 2018 1019 2081 in
1042 2039 1107 2101 qua
1129 2018 1275 2101 prefatus
1295 2018 1335 2085 G.

56 2154 197 2219 persona
222 2151 292 2195 esse
316 2128 510 2207 dinoscitur,
544 2125 614 2208 ipso
638 2124 849 2206 reclamante,
883 2124 922 2188 de
951 2147 1032 2190 novo
1056 2131 1242 2190 construere
1264 2147 1336 2209 pre-

57 2242 281 2323 sumpserunt,
317 2233 536 2319 parrochialia
573 2252 702 2314 quoque
737 2231 810 2294 iura
846 2232 990 2295 matricis
1028 2231 1161 2297 ecclesie
1192 2233 1337 2296 minuere

57 2344 283 2429 multipliciter
316 2347 349 2406 et
380 2340 513 2404 turbare
546 2345 659 2404 contra
686 2339 765 2402 iuris
789 2337 934 2402 ordinem
957 2360 1021 2403 non
1044 2344 1204 2402 verentur.
1252 2338 1337 2421 Quo-

58 2455 146 2517 niam
170 2451 270 2534 igitur
294 2470 333 2514 ex
359 2447 560 2531 apostolatus
584 2445 688 2509 nostri
711 2443 816 2510 officio
845 2445 918 2508 iura
941 2445 1083 2510 omnium
1105 2444 1198 2509 illesa
1222 2452 1254 2510 et
1275 2446 1337 2510 illi-

59 2561 139 2625 bata
157 2565 308 2622 tenemur
324 2574 463 2634 servare,
489 2551 693 2617 discretioni·
711 2557 816 2615 vestre
834 2572 893 2634 per
911 2552 1091 2635 apostolica
1110 2553 1231 2635 scripta
1249 2574 1338 2616 man·

59 2667 186 2746 damus,
213 2663 365 2746 quatinus
395 2657 544 2743 partibus
568 2663 643 2722 ante
666 2663 807 2722 vestram
833 2659 1031 2741 presentiam
1059 2659 1241 2723 convocatis
1265 2680 1338 2722 cau-

59 2794 130 2838 sam
153 2773 260 2854 ipsam
284 2766 414 2832 snblato
438 2764 666 2848 appellationis
690 2764 857 2830 obstaculo
880 2763 943 2829 fine
963 2766 1117 2831 canonico
1141 2765 1308 2829 decidatis

62 3042 154 3108 308.
178 3039 342 3101 auocare·
365 3036 426 3110 III,
454 3042 567 3111 petente
597 3036 696 3094 Morio
718 3036 878 3108 comitissa,
911 3037 1034 3094 Hearici
1058 3037 1203 3096 trecensis
1235 3043 1341 3095 terram

173 3147 279 3207 abhinc
305 3163 399 3220 usque
428 3143 466 3201 ad
496 3143 561 3201 eires
583 3143 711 3202 reditura
741 3143 929 3218 expertibus
951 3143 1228 3219 Hierosolpmitoais
1245 3150 1341 3218 prote-

170 3253 297 3330 peadam
320 3250 451 3326 susciptt.

390 3351 459 3423 Reg.
478 3351 558 3406 Alex.
577 3352 674 3422 fragm.
694 3368 736 3420 ep.
756 3351 834 3418 35,1.
853 3349 872 3404 l.
891 3351 937 3405 fol.
958 3351 1016 3404 121.

151 3496 280 3561 Dilecte
315 3496 349 3558 in
383 3493 510 3559 Christo
542 3493 624 3574 filie,
657 3492 758 3557 nobili
790 3492 918 3556 mulieri
959 3495 1121 3559 comitisse
1160 3494 1457 3570 Treceusi.³1179·

62 3605 157 3670 Licet
181 3603 330 3668 omnibus
356 3602 457 3664 simus
478 3621 517 3664 ox
536 3600 678 3682 suscepti
697 3598 794 3664 officii
812 3601 991 3666 ministerio
1012 3600 1182 3683 debitores
1207 3622 1342 3684 propen-

63 3714 130 3776 sius
154 3716 266 3774 tamen
290 3729 402 3774 eorum
427 3707 581 3771 debemus
604 3708 677 3769 iura
699 3707 797 3788 tueri,
832 3707 888 3789 qui
910 3706 1003 3772 nobis
1027 3715 1060 3771 et
1087 3708 1221 3772 ecclesie
1249 3708 1342 3772 devo-

62 3820 187 3885 tionem
211 3814 365 3879 exhibent
388 3815 551 3898 puriorem
571 3818 604 3876 et
621 3835 679 3895 pro
700 3803 884 3877 defensione
902 3813 1078 3878 Christiani
1096 3815 1234 3880 nominis
1253 3834 1343 3896 pere·

64 3923 189 4008 grinari
211 3922 246 3985 in
269 3921 496 3985 transmarinis
520 3919 668 4003 partibus
692 3941 756 3984 non
779 3926 940 3984 recusant.
986 3920 1058 3984 Hac
1085 3922 1196 4003 itaque
1219 3921 1345 3984 ratione

63 4029 191 4095 inducti
223 4033 256 4092 et
287 4028 353 4091 tuis
386 4025 662 4109 postulationibus
694 4026 841 4090 inclinati
868 4032 988 4091 terram
1019 4027 1128 4091 dilecti
1150 4025 1209 4090 filii
1231 4027 1345 4105 nostri,

64 4135 185 4202 nobilis
208 4134 269 4197 viri
292 4133 450 4218 H(enrici)
474 4134 601 4198 comitis
616 4131 796 4214 Trecensis,
820 4133 881 4196 riri
903 4135 961 4214 tui,
987 4140 1019 4197 et
1037 4140 1127 4198 tuam
1150 4155 1222 4197 cum
1246 4133 1346 4197 omni-

65 4243 128 4308 bus
152 4240 275 4305 advos
299 4239 537 4323 pertinentibus
561 4261 664 4322 nsque
697 4239 739 4303 ad
762 4240 864 4323 ipsius
895 4240 1035 4303 reditum
1059 4240 1118 4304 sub
1147 4239 1234 4303 beati
1257 4239 1346 4301 Petri

83 4470 86 4477 ,
156 4426 169 4451 ⁸
187 4431 228 4470 aut
246 4419 378 4470 dilectioni
396 4423 519 4482 dependam
536 4431 577 4481 eat,
595 4425 620 4469 in
638 4424 716 4470 codice
734 4424 794 4469 enim
811 4439 858 4470 rica
874 4424 921 4470 rrcffec‘
937 4421 962 4470 d.
981 4436 1005 4469 v.
1020 4423 1151 4482 praebetur.

158 4527 169 4556 ¹
187 4524 315 4595 Rogerio.
378 4522 609 4578 ’Monasterium
627 4523 680 4578 hoc
697 4523 809 4578 videtur
826 4523 1039 4578 inNormannia
1056 4523 1150 4578 situm.
1206 4523 1216 4554 ³
1233 4523 1347 4590 Mariae,

67 4615 143 4669 filiae
161 4611 296 4668 Ludovici
315 4613 486 4666 Francorum
506 4611 585 4683 regis.

1083 4701 1135 4755 12*
