3098 5056
456 242 641 300 (1011661111
659 258 695 298 111
713 257 881 299 rrrsronxn
899 245 952 300 404
1278 231 1341 294 249

64 413 96 472 et
117 407 264 492 peccnis
286 405 507 471 habitantium
531 404 749 488 exigentibus,
777 405 877 470 nimio
900 403 1016 469 fnisset
1039 405 1222 471 debitorum
1246 428 1342 472 onere
1382 406 1465 464 1192

68 519 261 599 aggravatus
285 518 319 577 et
336 512 455 577 Petrus
479 511 519 576 dc
536 510 670 593 Corzon,
695 512 837 576 serviens
860 511 979 576 nobilis
1002 513 1063 576 viri
1086 514 1213 578 comitis
1233 512 1343 578 Niver-
1361 496 1439 572 Aug.
1455 501 1483 559 6·

68 623 171 687 nensis
178 625 202 703 ¹,
221 620 358 684 nimium
376 620 483 703 ipsum
502 616 663 702 affligeret
676 623 710 682 et
727 624 888 700 gravaret,
908 619 998 701 prior
1012 624 1045 683 et
1064 617 1182 684 fratres
1201 620 1344 685 eiusdem

20 798 22 803 ,
71 729 128 794 loci
144 727 279 792 domum
303 727 342 791 de
366 724 551 807 Conlongiis
574 724 617 789 ad
640 726 747 808 ipsum
769 724 950 808 prioratum
973 731 1176 808 spectantem
1198 750 1257 810 pro
1280 734 1344 792 tre-

75 833 167 898 decim
191 833 283 898 mille
307 832 482 898 solidorum
500 830 748 896 Nivemensium
770 833 832 916 ipsi
850 832 973 918 P(etro)
990 832 1168 898 venditioni
1184 855 1345 918 exponere

75 947 140 1004 sunt
161 941 284 1020 coacti3
311 939 397 1005 unde
420 940 585 1023 prioratus
609 939 649 1003 de
673 937 817 1004 Caritate
841 937 1069 1003 damnificatus
1093 945 1142 1003 est
1169 941 1345 1023 plurimum

76 1054 102 1111 et
119 1053 275 1130 gravatus
299 1052 342 1129 et,
366 1046 444 1111 licet
465 1046 536 1129 ipse
558 1046 699 1131 Pletrus)
723 1045 765 1109 ad
788 1045 979 1109 instantiam
997 1045 1136 1128 predicti
1155 1045 1344 1111 Cluniacen·

75 1154 110 1217 sis
131 1152 266 1218 abbatis
289 1152 497 1236 postmodum
519 1152 554 1215 in
576 1153 762 1235 praesentia
784 1151 979 1215 venerabilis
998 1150 1109 1215 fratris
1132 1154 1236 1217 nostri
1251 1152 1344 1238 Wol-

74 1260 162 1346 lelxni)
186 1259 360 1324 Remensis
383 1258 629 1341 archiepiscopi,
654 1257 685 1324 S.
711 1256 852 1323 Sabinae
877 1257 1049 1338 cardinali,
1073 1258 1272 1341 apostolicae
1296 1280 1344 1323 se-

73 1366 113 1431 dis
134 1366 254 1448 legati,
288 1372 367 1430 tunc
399 1386 510 1430 curam
539 1370 572 1428 et
595 1364 856 1436 sollicitudinem.
870 1365 960 1447 regni
984 1365 1123 1430 Fhancic
1147 1365 1243 1429 simul
1272 1387 1345 1429 cum

71 1474 236 1537 carissima
257 1473 292 1535 in
315 1470 443 1537 Christo
467 1470 535 1535 filia
557 1477 684 1551 nostra,
717 1470 837 1535 illustri
865 1474 978 1553 regina
1000 1472 1217 1552 Francorum,
1241 1477 1345 1536 matre

68 1580 147 1663 regis
172 1579 287 1662 ipsius,
311 1578 463 1661 gerentis,
487 1579 585 1641 tactis
604 1579 820 1642 sacrosanctis
844 1579 1018 1661 evangeliis
1042 1578 1234 1660 firmaverit,
1260 1578 1346 1661 quod

68 1687 166 1770 priori
184 1691 219 1750 et
237 1684 394 1749 fratribus
409 1683 449 1749 de
464 1683 609 1748 Caritate
623 1689 756 1767 recepta
771 1685 910 1767 pecunia
924 1707 983 1749 sna
997 1685 1128 1750 domum
1140 1689 1346 1767 pretaxatam

67 1813 136 1856 eum
161 1791 313 1857 omnibus
335 1790 541 1874 pertinentiis
565 1789 716 1854 redderet
739 1789 873 1873 pacifice
896 1790 1143 1874 possidendam,
1168 1812 1346 1873 numquam

66 1897 285 1982 postmodum,
310 1897 457 1980 quamvis
476 1897 539 1980 ipsi
558 1895 687 1978 fratres,
711 1902 749 1960 ut
768 1896 895 1978 dicitur,
920 1898 1091 1980 pecuniam
1113 1898 1205 1962 illam
1229 1899 1258 1961 ei
1280 1897 1345 1961 vel·

66 2005 132 2070 lent
155 2004 341 2086 restituere,
365 2003 456 2084 illud,
480 2003 568 2085 quod
591 2004 764 2084 iuraverat,
788 2003 893 2068 noluit
917 2004 1103 2088 adimplere.
1143 2002 1224 2067 Cum
1246 2004 1346 2085 igitur

66 2132 144 2176 cura
168 2116 203 2175 et
226 2108 410 2175 sollicitudo
438 2111 581 2174 omnium
609 2110 819 2173 ecclesiarum
849 2111 892 2173 sit
915 2110 1008 2175 nobis
1032 2111 1215 2191 commissa,
1239 2094 1349 2174 volan-⁵

65 2225 113 2282 tes
136 2216 347 2281 indemnitati
368 2215 471 2298 ipsius
494 2217 658 2299 prioratus
677 2216 717 2280 de
732 2215 887 2299 Caritate,
910 2223 1008 2300 prout
1026 2217 1189 2297 debemus,
1209 2222 1345 2299 paterno

67 2323 187 2388 affeetu
210 2322 347 2388 sollicite
370 2321 553 2405 providere,
587 2323 774 2389 discretioni
801 2329 908 2388 vestre
935 2345 994 2406 per
1017 2323 1197 2407 apostolica
1224 2323 1346 2405 scripta

67 2429 259 2495 mandamus
296 2427 434 2492 firmiter
469 2429 688 2511 iniungentes,
727 2435 888 2512 quatenus
931 2429 1153 2513 supradictum
1195 2415 1346 2494 comitem

68 2536 299 2601 Nivemensem
332 2535 388 2617 qui
421 2535 557 2599 eandem
589 2530 731 2602 domum¹
752 2536 792 2600 de
816 2536 973 2619 Colonges
1006 2537 1174 2601 servientis
1206 2537 1344 2618 nomine,

71 2643 152 2706 sicut
171 2642 300 2724 dicitur,
327 2642 496 2725 occupavit
515 2648 547 2706 et
565 2643 599 2705 in
617 2643 766 2726 proprios
785 2665 863 2707 usus
883 2644 1051 2723 convertit,
1076 2643 1127 2706 vel
1149 2643 1256 2725 ipsum
1280 2663 1344 2706 ser-

71 2750 218 2831 vientem,
248 2750 276 2814 si
298 2749 466 2833 praedicta
490 2748 603 2814 domus
627 2751 657 2814 ei
687 2748 785 2814 fixerit
816 2750 980 2830 restituta,
1010 2750 1206 2815 auctoritate
1234 2755 1347 2814 nostra

74 2876 199 2921 monere
224 2861 257 2920 et
278 2855 431 2919 inducere
455 2855 631 2919 efficaciter
654 2856 819 2936 laboretis
844 2861 881 2919 nt
905 2855 1036 2920 domum
1058 2857 1164 2938 ipsam
1187 2855 1348 2938 prioratui

75 2961 267 3045 supradicto,
286 2967 419 3045 recepta
438 2961 479 3026 ab
498 2963 578 3046 ipsis
597 2963 736 3046 pecunia
750 2949 954 3047 praetaxata,
975 2963 1044 3026 sine
1059 2960 1252 3027 difficultate
1269 2983 1347 3044 qua-

75 3067 149 3132 libet
172 3069 345 3133 restituere
364 3090 428 3134 non
444 3070 597 3133 omittant
613 3076 689 3133 etc·
712 3068 806 3151 Quod
826 3071 853 3133 si
873 3069 968 3133 ambo
987 3068 1057 3132 hisb
1076 3067 1273 3150 exequendis
1293 3089 1347 3131 ne-

75 3175 238 3256 quiveritis
256 3175 424 3257 interesse,
444 3181 490 3258 tu,
511 3174 612 3239 frater
626 3174 878 3260 archiepiscope,
892 3197 930 3240 ea
942 3174 1150 3239 nihilominus
1165 3175 1346 3256 exequaris.

74 3279 192 3346 Datum
203 3279 360 3346 Laterani
373 3280 457 3345 VHI
474 3281 553 3346 Idus
568 3280 719 3365 Augusti,
739 3282 948 3365 pontificatus
972 3281 1074 3347 nostri
1092 3303 1176 3346 anno
1196 3280 1347 3345 secundo.

72 3587 163 3653 404.
187 3589 366 3649 Caelestinus
389 3590 440 3649 III
458 3590 673 3665 archiepiscopo
696 3597 723 3649 et
749 3591 875 3665 capitolo
903 3589 1072 3649 Coloniensi
1093 3590 1224 3661 ninndnt,
1248 3596 1349 3665 coponl

179 3697 337 3755 cononicm
355 3696 531 3756 Leodienses
553 3699 592 3756 ed
614 3697 783 3756 soluendum
800 3697 971 3771 pecnninin,
995 3715 1015 3755 a
1031 3697 1242 3755 necatoribus
1264 3696 1349 3755 Dien-

180 3803 316 3862 eensidns
337 3804 373 3860 A.
392 3805 543 3879 qnondam
566 3823 669 3863 eornm
691 3804 834 3879 episeopo,
858 3810 927 3862 tnnc
949 3804 1042 3876 electo,
1065 3804 1212 3863 creditam.

212 3920 284 3976 Bibl.
303 3928 361 3977 net.
381 3921 468 3976 Paris.
487 3922 557 3977 Coll.
576 3923 692 3978 Moreau
713 3923 790 3977 1231.
816 3922 863 3977 fol.
882 3922 925 3977 82.
953 3940 1040 3977 manu
1058 3940 1079 3977 s.
1099 3929 1202 3976 xvnr.e

158 4079 340 4147 Celestinus
379 4082 550 4165 episcopus
588 4103 698 4147 servus
739 4103 904 4147 servorum
940 4082 1002 4146 Dei
1041 4080 1219 4145 venerabili
1254 4078 1348 4143 fiatri
1375 4083 1459 4140 1193

67 4188 333 4273 archiepiscopo1
357 4194 389 4254 et
421 4188 548 4253 dilectis
571 4188 648 4252 filiis
672 4189 814 4272 capitulo
839 4187 1022 4254 Coloniensi
1050 4188 1189 4251 salutem
1217 4192 1249 4250 et
1272 4207 1347 4269 apo·
1368 4171 1468 4229 Malg-

67 4296 220 4363 stolicam
243 4294 510 4362 benedictionem.
554 4294 634 4360 Cum
657 4295 762 4360 bonae
785 4295 960 4360 memoriae
982 4293 1161 4379 Allbertus)
1185 4291 1348 4376 quondam

158 4479 172 4504 ⁸
189 4479 223 4525 sic
241 4479 292 4528 cod.
365 4472 378 4505 b
396 4476 437 4525 his
455 4479 547 4526 addidi.
621 4480 631 4504 ⁰
649 4479 707 4537 „Ee
724 4478 816 4524 membru
835 4479 861 4523 in
878 4478 950 4522 Arci.
968 4477 1037 4522 Areia
1055 4477 1078 4523 S.
1098 4476 1210 4535 Anyeli.“

163 4581 172 4610 ¹
190 4579 273 4635 Petri.
314 4626 318 4632 .
