3098 5056
446 260 634 312 Annxnnnrn
652 271 690 311 111
708 272 875 312 nrrsronnn
894 259 946 314 252
1269 243 1327 304 141

54 420 150 483 matis
175 417 398 502 prohibemus,
432 438 473 481 ne
505 419 577 500 quis
605 418 691 483 bona
718 419 768 482 vel
797 419 1016 500 possessiones
1039 417 1197 500 praedicti
1220 416 1504 482 mona-1168-69

54 526 145 591 sterii
169 525 296 608 pignori
320 545 501 607 supponere
528 524 578 588 rel
602 525 749 606 quolibet
771 525 865 588 titulo
889 525 1032 588 alienare
1060 524 1121 587 nisi
1144 545 1243 587 causa
1265 545 1330 589 me·
1368 506 1484 618 1115·

53 631 194 697 liprandi
216 635 412 714 praesumat.
459 628 504 694 Hi
536 636 654 711 autem,
688 632 744 713 qui
776 631 995 713 possessiones
1018 631 1120 712 ipsius
1143 630 1331 695 monasterii

54 741 87 802 in
110 738 246 821 pignore
269 737 415 819 accipere
446 742 503 800 aut
536 758 641 801 emere
669 738 954 820 praesumpserint,
979 737 1092 801 eadem
1115 757 1220 818 poena
1246 735 1332 818 plec-

53 851 168 910 tantur
200 850 232 908 et
263 843 335 925 ipsa
358 844 477 926 emptio
502 843 551 906 vel
575 844 743 926 alienatio,
777 844 804 908 si
832 842 920 907 facta
946 842 1054 924 fuerit,
1082 844 1176 906 irrita
1203 844 1332 925 penitus

10 987 12 994 ·
54 951 226 1016 habeatur.
262 949 439 1014 Praeterea
466 949 650 1013 salvitatem
673 950 862 1015 monasterii
885 949 969 1013 iufra
993 955 1097 1014 certos
1122 950 1277 1014 terminos
1301 955 1333 1013 et

55 1058 209 1139 antiquos
233 1056 442 1121 constitutam
466 1061 499 1119 et
522 1055 563 1119 ab
584 1056 726 1137 antiquis
745 1062 832 1121 retro
850 1056 1051 1139 temporibus
1070 1077 1172 1137 usque
1192 1056 1333 1120 adhaec

54 1164 127 1245 ipsa
151 1162 358 1226 observatam
390 1162 560 1243 apostolici
584 1162 697 1244 scripti
724 1162 898 1226 munimine
922 1162 1121 1228 roboramus.
1167 1162 1332 1226 Ecclesias

55 1289 185 1352 quoque
209 1273 242 1332 et
264 1267 493 1350 possessiones,
518 1288 598 1350 quas
619 1269 849 1332 monasterium
867 1274 1010 1333 restrum
1027 1269 1061 1331 in
1076 1270 1333 1350 praesentiarum

55 1375 200 1458 legitime
224 1373 368 1456 possidet
397 1380 454 1437 aut
486 1375 520 1437 iu
550 1372 695 1438 futurum
714 1374 811 1456 justis
835 1376 938 1439 modis
962 1374 1032 1439 Deo
1055 1381 1192 1456 parante
1215 1375 1334 1457 poterit

57 1482 205 1565 adipisci,
229 1480 320 1544 vobis
349 1480 513 1544 et.eidem
540 1483 736 1547 monasterio
761 1481 967 1545 nihilominus
996 1480 1238 1563 confirmamus,
1268 1487 1333 1545 sta·

56 1594 197 1668 tuentes,
221 1592 258 1650 ut
276 1586 357 1649 nulli
376 1586 506 1651 omnino
524 1587 691 1651 hominum
709 1588 808 1652 liceat
825 1588 908 1652 hanc
931 1588 1083 1670 paginam
1106 1593 1236 1653 nostrae
1260 1609 1333 1653 con-

58 1693 249 1757 firmationis
273 1691 446 1774 infringere
474 1692 525 1756 rel
553 1693 583 1756 ei
611 1693 817 1776 aliquatenus
845 1695 1015 1759 contraire.
1049 1693 1098 1758 'Si
1124 1695 1196 1776 quis
1225 1699 1335 1759 autem

58 1799 117 1865 hoc
137 1803 299 1863 attentare
318 1800 581 1882 praesumpserit,
601 1799 855 1882 indignationem
874 1800 1102 1881 omnipotentis
1121 1798 1183 1864 Dei
1207 1805 1240 1864 et
1258 1800 1333 1864 bea·

57 1911 165 1970 torum
197 1904 288 1968 Petri
326 1910 358 1968 et
389 1903 484 1968 Pauli
521 1907 742 1989 apostolorum
779 1907 847 1970 eius
885 1927 918 1970 se
956 1907 1082 1970 noverit
1118 1907 1332 1970 incursurum.

58 2011 180 2075 Datum
203 2010 381 2075 Beneventi
403 2009 513 2076 Nonas
536 2011 669 2094 Aprilis.

56 2280 142 2346 252.
166 2281 329 2340 Alexander
350 2281 403 2341 ΙΙΙ
423 2283 545 2357 capitali
568 2283 791 2342 Aurelianensis
813 2288 957 2342 statutam
979 2283 1148 2358 confirmat,
1175 2288 1209 2340 nt
1231 2282 1333 2340 nnllns

169 2389 386 2461 eononccmrnm,
413 2388 477 2446 nisi
498 2388 588 2464 fuerit
610 2389 644 2447 in
666 2390 782 2448 serratio
809 2389 962 2462 madens,
995 2391 1073 2447 altro
1104 2390 1147 2446 25
1169 2388 1278 2447 solidos
1300 2389 1333 2447 dc

169 2494 316 2569 beneficiis
338 2494 498 2552 annuatim
515 2495 643 2569 recipiat.

165 2612 238 2666 Bibl.
256 2619 313 2668 not.
333 2614 418 2668 Paris.
432 2613 501 2668 0011.
515 2613 619 2669 Baluze
636 2620 656 2669 t.
676 2615 710 2669 78
728 2615 846 2670 f01.13¹³.
870 2614 1022 2684 Descripsit
1035 2613 1129 2685 Steph.
1142 2613 1225 2667 Bolu-

589 2703 648 2757 zius
666 2720 690 2757 a.
712 2705 807 2758 1667.a

147 2825 334 2890 Alexander
357 2826 525 2908 episcopus
549 2848 660 2891 servus
689 2849 854 2892 servorum
876 2828 938 2893 Dei
962 2828 1088 2892 dilectis
1111 2827 1187 2892 filiis
1211 2827 1333 2892 decano
1353 2826 1506 2885 1168-69

56 2939 89 2996 et
114 2932 257 3014 capitulo
276 2932 503 2996 Aurelianensi
527 2933 665 2998 salutem
689 2939 722 2998 et
740 2935 951 3017 apostolicam
970 2933 1236 3000 benedictionem.
1268 2934 1333 2998 Pro
1368 2916 1433 2974 Iun·
1447 2915 1497 2974 3⁰·

57 3038 271 3102 ecclesiarum
293 3039 491 3104 incremento
514 3040 636 3121 pariter
659 3046 692 3104 et
714 3046 884 3123 augmento
913 3040 1049 3105 sollicite
1082 3040 1235 3105 debemus
1269 3046 1333 3103 sat·

58 3165 156 3226 agere
180 3150 346 3208 eteorum
373 3145 582 3209 rationabiles
611 3148 855 3211 constitutiones
879 3154 913 3211 et
935 3147 1183 3212 consuetudines
1207 3167 1333 3211 conser-

57 3272 146 3315 vare.
193 3249 386 3332 Suggestum
410 3257 460 3315 est
483 3251 642 3333 siquidem
665 3253 768 3333 nobis,
793 3253 878 3334 quod
902 3255 936 3316 in
959 3253 1095 3318 ecclesia
1118 3259 1226 3317 vestra
1249 3273 1333 3316 com-

58 3358 201 3422 muniter
224 3363 274 3421 est
293 3363 460 3439 statutum,
480 3363 518 3422 ut
535 3358 642 3422 nullus
662 3359 889 3424 canonicorum
911 3366 1091 3424 vestrorum
1111 3359 1150 3422 de
1169 3357 1334 3422 beneficiis

58 3464 216 3528 ecclesiae
238 3464 326 3527 ultra
349 3463 415 3527 XX
438 3470 472 3528 et
494 3464 524 3529 V
548 3464 667 3530 solidos
695 3466 863 3529 annuatim
885 3466 1034 3547 recipiat,
1068 3466 1130 3528 nisi
1158 3466 1214 3547 qui
1237 3464 1335 3528 fuerit

57 3571 92 3633 in
116 3569 261 3634 eiusdem
285 3570 439 3633 ecclesiae
464 3572 594 3636 servitio
618 3572 776 3636 assiduus
816 3569 921 3652 Quam
939 3573 1051 3653 utique
1071 3572 1334 3636 constitutionem

59 3676 159 3740 salvis
181 3675 385 3758 praebendis,
410 3697 492 3757 quas
515 3678 549 3739 in
573 3677 686 3741 eadem
710 3677 846 3742 ecclesia
869 3676 1080 3741 Cluniacense
1102 3678 1334 3742 monasterium

59 3788 117 3846 aut
141 3782 206 3846 alia
227 3782 379 3863 religiosa
398 3782 511 3846 domus
532 3783 711 3865 antiquitus
729 3783 854 3865 habuit,
879 3790 984 3848 ratam
1008 3790 1040 3847 et
1062 3783 1190 3847 firmam
1213 3783 1333 3846 haben-

58 3895 120 3968 tes,
145 3908 217 3952 eam
241 3889 433 3953 auctoritate
453 3889 633 3971 apostolica
651 3889 878 3954 confirmamus
898 3896 931 3954 et
948 3890 1047 3954 robur
1066 3889 1105 3953 dc
1132 3895 1238 3954 cetero
1261 3910 1332 3970 per-

58 4000 179 4078 petuae
201 3986 365 4058 firmitatis
389 4001 499 4059 tenere
528 3997 705 4077 sancimus,
736 4002 925 4077 statuentes,
954 4001 991 4060 ut
1017 3995 1097 4059 nulli
1126 3996 1254 4060 omnino
1277 3994 1333 4058 ho·

59 4101 184 4163 minum
215 4100 314 4165 liceat
343 4100 427 4165 hanc
459 4103 611 4184 paginam
643 4109 773 4167 nostrae
803 4101 1055 4168 confirmationis
1083 4100 1256 4182 infringere
1283 4100 1333 4164 rel

59 4208 89 4270 ei
113 4207 320 4288 aliquatenus
344 4209 513 4273 contraire.
561 4207 595 4273 Si
618 4209 690 4290 quis
719 4215 827 4273 autem
859 4208 920 4273 hoc
946 4214 1141 4291 attemptare
1168 4227 1332 4288 praesum-

58 4313 177 4396 pserit,
210 4314 462 4398 indignationem
486 4315 714 4397 omnipotentis
738 4315 801 4379 Dei
824 4321 856 4379 et
879 4314 1046 4380 beatorum
1069 4313 1160 4378 Petri
1184 4317 1216 4376 et
1238 4312 1333 4376 Pauli

60 4419 283 4502 apostolorum
298 4423 366 4486 eius
381 4443 415 4486 se
429 4422 555 4487 noverit
564 4422 776 4485 incursurum.
801 4421 922 4486 Datum
932 4421 1108 4486 Beneventi
1117 4418 1234 4484 HKal.
1246 4418 1331 4483 Iulii.

152 4605 164 4630 ⁸
181 4605 239 4665 „Ex
258 4603 394 4652 chartulas.
404 4606 487 4652 vetere
502 4602 561 4651 ecel.
572 4602 755 4663 Aurelianens,
775 4602 820 4650 ubi
833 4603 939 4665 epistola
950 4618 1020 4651 num.
1030 4601 1137 4650 XXVII
1147 4601 1244 4664 signeto
1252 4603 1332 4649 erut.“
