<?xml version="1.0" encoding="UTF-8"?>
<!DOCTYPE html PUBLIC "-//W3C//DTD XHTML 1.0 Transitional//EN"
    "http://www.w3.org/TR/xhtml1/DTD/xhtml1-transitional.dtd">
<html xmlns="http://www.w3.org/1999/xhtml" xml:lang="en" lang="en">
 <head>
  <title>
</title>
<meta http-equiv="Content-Type" content="text/html;charset=utf-8" />
  <meta name='ocr-system' content='tesseract 3.04.00' />
  <meta name='ocr-capabilities' content='ocr_page ocr_carea ocr_par ocr_line ocrx_word'/>
</head>
<body>
  <div class='ocr_page' id='page_1' title='image "./epistolaepontif00popegoog/epistolaepontif00popegoog_0264.png"; bbox 0 0 3098 5056; ppageno 0'>
   <div class='ocr_carea' id='block_1_1' title="bbox 469 246 1353 312">
    <p class='ocr_par' dir='ltr' id='par_1_1' title="bbox 469 246 1353 312">
     <span class='ocr_line' id='line_1_1' title="bbox 469 246 1353 312; baseline 0.003 -7"><span class='ocrx_word' id='word_1_1' title='bbox 469 251 653 307; x_wconf 76' lang='lat' dir='ltr'><strong>Oornnsrmr</strong></span> <span class='ocrx_word' id='word_1_2' title='bbox 670 268 707 307; x_wconf 91' lang='lat'><strong>111</strong></span> <span class='ocrx_word' id='word_1_3' title='bbox 725 268 893 311; x_wconf 76' lang='lat' dir='ltr'><strong>nrrsronna</strong></span> <span class='ocrx_word' id='word_1_4' title='bbox 910 257 964 312; x_wconf 84' lang='grc'><strong>402</strong></span> <span class='ocrx_word' id='word_1_5' title='bbox 1290 246 1353 308; x_wconf 78' lang='grc'><strong>247</strong></span> 
     </span>
    </p>
   </div>
   <div class='ocr_carea' id='block_1_2' title="bbox 43 409 1537 1142">
    <p class='ocr_par' dir='ltr' id='par_1_2' title="bbox 74 409 1537 1037">
     <span class='ocr_line' id='line_1_2' title="bbox 74 409 1476 503; baseline 0.011 -32"><span class='ocrx_word' id='word_1_6' title='bbox 74 409 302 492; x_wconf 78' lang='lat' dir='ltr'><strong>promulgavit.</strong></span> <span class='ocrx_word' id='word_1_7' title='bbox 350 409 414 476; x_wconf 86' lang='lat' dir='ltr'><strong>Sed</strong></span> <span class='ocrx_word' id='word_1_8' title='bbox 437 410 505 476; x_wconf 87' lang='lat' dir='ltr'><strong>filia</strong></span> <span class='ocrx_word' id='word_1_9' title='bbox 533 415 733 498; x_wconf 87' lang='lat' dir='ltr'><strong>praescripte</strong></span> <span class='ocrx_word' id='word_1_10' title='bbox 756 416 880 500; x_wconf 86' lang='lat' dir='ltr'><strong>Aledis,</strong></span> <span class='ocrx_word' id='word_1_11' title='bbox 915 417 1119 484; x_wconf 89' lang='lat' dir='ltr'><strong>absolutione</strong></span> <span class='ocrx_word' id='word_1_12' title='bbox 1145 441 1353 503; x_wconf 81' lang='lat' dir='ltr'>nequaquam</span> <span class='ocrx_word' id='word_1_13' title='bbox 1392 419 1476 478; x_wconf 83' lang='lat'>1192</span> 
     </span>
     <span class='ocr_line' id='line_1_3' title="bbox 76 508 1537 611; baseline 0.012 -33"><span class='ocrx_word' id='word_1_14' title='bbox 76 515 219 597; x_wconf 90' lang='lat' dir='ltr'><strong>obtenta,</strong></span> <span class='ocrx_word' id='word_1_15' title='bbox 251 516 380 580; x_wconf 90' lang='lat' dir='ltr'><strong>cuidam</strong></span> <span class='ocrx_word' id='word_1_16' title='bbox 402 518 471 583; x_wconf 90' lang='lat' dir='ltr'><strong>viro</strong></span> <span class='ocrx_word' id='word_1_17' title='bbox 495 519 722 585; x_wconf 83' lang='lat' dir='ltr'><strong>nichilominus</strong></span> <span class='ocrx_word' id='word_1_18' title='bbox 750 523 872 589; x_wconf 91' lang='lat' dir='ltr'><strong>nubere</strong></span> <span class='ocrx_word' id='word_1_19' title='bbox 895 527 1027 609; x_wconf 90' lang='lat' dir='ltr'><strong>propria</strong></span> <span class='ocrx_word' id='word_1_20' title='bbox 1054 527 1238 592; x_wconf 78' lang='lat' dir='ltr'><strong>temeritate</strong></span> <span class='ocrx_word' id='word_1_21' title='bbox 1261 549 1353 611; x_wconf 87' lang='lat' dir='ltr'><strong>prae·</strong></span> <span class='ocrx_word' id='word_1_22' title='bbox 1371 508 1430 567; x_wconf 63' lang='lat' dir='ltr'><strong>Mai</strong></span> <span class='ocrx_word' id='word_1_23' title='bbox 1443 509 1494 568; x_wconf 75' lang='lat'><strong>12·</strong></span> <span class='ocrx_word' id='word_1_24' title='bbox 1534 565 1537 571; x_wconf 86' lang='grc'><em>·</em></span> 
     </span>
     <span class='ocr_line' id='line_1_4' title="bbox 78 621 1353 715; baseline 0.009 -29"><span class='ocrx_word' id='word_1_25' title='bbox 78 624 222 707; x_wconf 90' lang='lat' dir='ltr'><strong>sumpsit.</strong></span> <span class='ocrx_word' id='word_1_26' title='bbox 269 621 321 687; x_wconf 86' lang='lat' dir='ltr'><strong>De</strong></span> <span class='ocrx_word' id='word_1_27' title='bbox 344 629 452 689; x_wconf 89' lang='lat' dir='ltr'><strong>vestra</strong></span> <span class='ocrx_word' id='word_1_28' title='bbox 474 625 574 707; x_wconf 85' lang='lat' dir='ltr'><strong>igitur</strong></span> <span class='ocrx_word' id='word_1_29' title='bbox 596 628 771 711; x_wconf 87' lang='lat' dir='ltr'><strong>prudentia</strong></span> <span class='ocrx_word' id='word_1_30' title='bbox 799 631 1011 714; x_wconf 89' lang='lat' dir='ltr'><strong>confidentes,</strong></span> <span class='ocrx_word' id='word_1_31' title='bbox 1042 634 1261 715; x_wconf 84' lang='lat' dir='ltr'><strong>querimonias</strong></span> <span class='ocrx_word' id='word_1_32' title='bbox 1288 655 1353 698; x_wconf 90' lang='lat' dir='ltr'><strong>me·</strong></span> 
     </span>
     <span class='ocr_line' id='line_1_5' title="bbox 79 730 1354 821; baseline 0.01 -29"><span class='ocrx_word' id='word_1_33' title='bbox 79 736 217 795; x_wconf 86' lang='lat' dir='ltr'><strong>moratas</strong></span> <span class='ocrx_word' id='word_1_34' title='bbox 240 735 349 794; x_wconf 90' lang='lat' dir='ltr'><strong>vestro</strong></span> <span class='ocrx_word' id='word_1_35' title='bbox 373 730 523 796; x_wconf 86' lang='lat' dir='ltr'><strong>duximus</strong></span> <span class='ocrx_word' id='word_1_36' title='bbox 548 735 688 797; x_wconf 83' lang='lat' dir='ltr'><strong>examini</strong></span> <span class='ocrx_word' id='word_1_37' title='bbox 716 738 978 821; x_wconf 89' lang='lat' dir='ltr'><strong>committendas,</strong></span> <span class='ocrx_word' id='word_1_38' title='bbox 1012 739 1199 805; x_wconf 87' lang='lat' dir='ltr'><strong>discretioni</strong></span> <span class='ocrx_word' id='word_1_39' title='bbox 1226 744 1354 805; x_wconf 90' lang='lat' dir='ltr'><strong>vestrae</strong></span> 
     </span>
     <span class='ocr_line' id='line_1_6' title="bbox 80 836 1353 931; baseline 0.01 -32"><span class='ocrx_word' id='word_1_40' title='bbox 80 857 130 918; x_wconf 89' lang='lat' dir='ltr'><strong>per</strong></span> <span class='ocrx_word' id='word_1_41' title='bbox 151 836 336 921; x_wconf 87' lang='lat' dir='ltr'><strong>apostolica</strong></span> <span class='ocrx_word' id='word_1_42' title='bbox 360 838 481 922; x_wconf 88' lang='lat' dir='ltr'><strong>scripta</strong></span> <span class='ocrx_word' id='word_1_43' title='bbox 504 839 708 922; x_wconf 90' lang='lat' dir='ltr'><strong>mandantes,</strong></span> <span class='ocrx_word' id='word_1_44' title='bbox 734 844 898 927; x_wconf 84' lang='lat' dir='ltr'><strong>quatinus,</strong></span> <span class='ocrx_word' id='word_1_45' title='bbox 922 847 1045 911; x_wconf 88' lang='lat' dir='ltr'><strong>vocatis</strong></span> <span class='ocrx_word' id='word_1_46' title='bbox 1069 846 1111 911; x_wconf 91' lang='lat' dir='ltr'><strong>ad</strong></span> <span class='ocrx_word' id='word_1_47' title='bbox 1134 848 1353 931; x_wconf 87' lang='lat' dir='ltr'><strong>praesentiam</strong></span> 
     </span>
     <span class='ocr_line' id='line_1_7' title="bbox 81 943 1353 1037; baseline 0.009 -31"><span class='ocrx_word' id='word_1_48' title='bbox 81 948 213 1007; x_wconf 88' lang='lat' dir='ltr'><strong>vestram</strong></span> <span class='ocrx_word' id='word_1_49' title='bbox 239 944 296 1026; x_wconf 91' lang='lat' dir='ltr'><strong>qui</strong></span> <span class='ocrx_word' id='word_1_50' title='bbox 319 943 440 1008; x_wconf 85' lang='lat' dir='ltr'><strong>fuerint</strong></span> <span class='ocrx_word' id='word_1_51' title='bbox 467 946 632 1027; x_wconf 87' lang='lat' dir='ltr'><strong>evocandi,</strong></span> <span class='ocrx_word' id='word_1_52' title='bbox 657 947 798 1014; x_wconf 90' lang='lat' dir='ltr'><strong>audiatis</strong></span> <span class='ocrx_word' id='word_1_53' title='bbox 817 951 891 1015; x_wconf 92' lang='lat' dir='ltr'><strong>hinc</strong></span> <span class='ocrx_word' id='word_1_54' title='bbox 916 952 991 1018; x_wconf 90' lang='lat' dir='ltr'><strong>inde</strong></span> <span class='ocrx_word' id='word_1_55' title='bbox 1018 955 1187 1037; x_wconf 91' lang='lat' dir='ltr'><strong>proposita</strong></span> <span class='ocrx_word' id='word_1_56' title='bbox 1210 960 1243 1017; x_wconf 91' lang='lat' dir='ltr'><strong>et</strong></span> <span class='ocrx_word' id='word_1_57' title='bbox 1266 953 1353 1036; x_wconf 91' lang='lat' dir='ltr'><strong>quod</strong></span> 
     </span>
    </p>

    <p class='ocr_par' dir='ltr' id='par_1_3' title="bbox 43 1049 1353 1142">
     <span class='ocr_line' id='line_1_8' title="bbox 43 1049 1353 1142; baseline 0.01 -31"><span class='ocrx_word' id='word_1_58' title='bbox 43 1118 46 1125; x_wconf 90' lang='lat'><em>.</em></span> <span class='ocrx_word' id='word_1_59' title='bbox 81 1049 194 1114; x_wconf 89' lang='lat' dir='ltr'><strong>iustum</strong></span> <span class='ocrx_word' id='word_1_60' title='bbox 216 1049 327 1132; x_wconf 82' lang='lat' dir='ltr'><strong>fuerit,</strong></span> <span class='ocrx_word' id='word_1_61' title='bbox 351 1052 569 1135; x_wconf 78' lang='lat' dir='ltr'><strong>appellatione</strong></span> <span class='ocrx_word' id='word_1_62' title='bbox 592 1055 784 1137; x_wconf 88' lang='lat' dir='ltr'><strong>postposita,</strong></span> <span class='ocrx_word' id='word_1_63' title='bbox 808 1056 957 1123; x_wconf 90' lang='lat' dir='ltr'><strong>iudicetis</strong></span> <span class='ocrx_word' id='word_1_64' title='bbox 978 1065 1011 1123; x_wconf 90' lang='lat' dir='ltr'><strong>et</strong></span> <span class='ocrx_word' id='word_1_65' title='bbox 1033 1058 1161 1124; x_wconf 86' lang='lat' dir='ltr'><strong>faciatis</strong></span> <span class='ocrx_word' id='word_1_66' title='bbox 1189 1061 1275 1142; x_wconf 95' lang='lat' dir='ltr'><strong>quod</strong></span> <span class='ocrx_word' id='word_1_67' title='bbox 1299 1060 1353 1124; x_wconf 91' lang='lat' dir='ltr'><strong>de-</strong></span> 
     </span>
    </p>
   </div>
   <div class='ocr_carea' id='block_1_3' title="bbox 81 1157 1353 1353">
    <p class='ocr_par' dir='ltr' id='par_1_4' title="bbox 81 1157 1353 1353">
     <span class='ocr_line' id='line_1_9' title="bbox 81 1157 1353 1247; baseline 0.009 -28"><span class='ocrx_word' id='word_1_68' title='bbox 81 1157 239 1221; x_wconf 82' lang='lat' dir='ltr'><strong>creveritis</strong></span> <span class='ocrx_word' id='word_1_69' title='bbox 262 1178 321 1240; x_wconf 87' lang='lat' dir='ltr'><strong>per</strong></span> <span class='ocrx_word' id='word_1_70' title='bbox 346 1179 516 1222; x_wconf 89' lang='lat' dir='ltr'><strong>censuram</strong></span> <span class='ocrx_word' id='word_1_71' title='bbox 536 1160 773 1226; x_wconf 82' lang='lat' dir='ltr'><strong>ecclesiaticam</strong></span> <span class='ocrx_word' id='word_1_72' title='bbox 793 1164 1024 1231; x_wconf 88' lang='lat' dir='ltr'><strong>inviolabiliter</strong></span> <span class='ocrx_word' id='word_1_73' title='bbox 1043 1167 1218 1232; x_wconf 87' lang='lat' dir='ltr'><strong>observari.</strong></span> <span class='ocrx_word' id='word_1_74' title='bbox 1258 1164 1353 1247; x_wconf 79' lang='lat' dir='ltr'><strong>Quod</strong></span> 
     </span>
     <span class='ocr_line' id='line_1_10' title="bbox 81 1262 1352 1353; baseline 0.009 -27"><span class='ocrx_word' id='word_1_75' title='bbox 81 1262 103 1326; x_wconf 90' lang='lat' dir='ltr'><strong>si</strong></span> <span class='ocrx_word' id='word_1_76' title='bbox 121 1284 235 1328; x_wconf 89' lang='lat' dir='ltr'><strong>omnes</strong></span> <span class='ocrx_word' id='word_1_77' title='bbox 258 1262 321 1327; x_wconf 89' lang='lat' dir='ltr'><strong>hiis</strong></span> <span class='ocrx_word' id='word_1_78' title='bbox 345 1265 543 1347; x_wconf 87' lang='lat' dir='ltr'><strong>exequendis</strong></span> <span class='ocrx_word' id='word_1_79' title='bbox 562 1267 772 1349; x_wconf 84' lang='lat' dir='ltr'><strong>nequiveritis</strong></span> <span class='ocrx_word' id='word_1_80' title='bbox 796 1271 963 1353; x_wconf 89' lang='lat' dir='ltr'><strong>interesse,</strong></span> <span class='ocrx_word' id='word_1_81' title='bbox 988 1272 1051 1338; x_wconf 92' lang='lat' dir='ltr'><strong>duo</strong></span> <span class='ocrx_word' id='word_1_82' title='bbox 1074 1279 1219 1337; x_wconf 90' lang='lat' dir='ltr'><strong>vestrum</strong></span> <span class='ocrx_word' id='word_1_83' title='bbox 1242 1294 1281 1337; x_wconf 92' lang='lat' dir='ltr'><strong>ea</strong></span> <span class='ocrx_word' id='word_1_84' title='bbox 1303 1273 1352 1337; x_wconf 93' lang='lat' dir='ltr'><strong>ni-</strong></span> 
     </span>
    </p>
   </div>
   <div class='ocr_carea' id='block_1_4' title="bbox 77 1368 1352 1545">
    <p class='ocr_par' dir='ltr' id='par_1_5' title="bbox 77 1368 1352 1545">
     <span class='ocr_line' id='line_1_11' title="bbox 80 1368 1352 1465; baseline 0.009 -32"><span class='ocrx_word' id='word_1_85' title='bbox 80 1368 264 1435; x_wconf 88' lang='lat' dir='ltr'><strong>chilominus</strong></span> <span class='ocrx_word' id='word_1_86' title='bbox 289 1378 500 1454; x_wconf 86' lang='lat' dir='ltr'><strong>exequantur.</strong></span> <span class='ocrx_word' id='word_1_87' title='bbox 549 1373 673 1438; x_wconf 86' lang='lat' dir='ltr'><strong>Datum</strong></span> <span class='ocrx_word' id='word_1_88' title='bbox 691 1373 847 1440; x_wconf 88' lang='lat' dir='ltr'><strong>Laterani</strong></span> <span class='ocrx_word' id='word_1_89' title='bbox 865 1377 937 1442; x_wconf 93' lang='grc' dir='ltr'><strong>ΠΠ</strong></span> <span class='ocrx_word' id='word_1_90' title='bbox 959 1377 1009 1443; x_wconf 91' lang='lat' dir='ltr'><strong>Id.</strong></span> <span class='ocrx_word' id='word_1_91' title='bbox 1028 1379 1120 1462; x_wconf 91' lang='lat' dir='ltr'><strong>Maii,</strong></span> <span class='ocrx_word' id='word_1_92' title='bbox 1143 1380 1352 1465; x_wconf 87' lang='lat' dir='ltr'><strong>pontificatus</strong></span> 
     </span>
     <span class='ocr_line' id='line_1_12' title="bbox 77 1477 458 1545; baseline 0.01 -6"><span class='ocrx_word' id='word_1_93' title='bbox 77 1477 172 1540; x_wconf 84' lang='lat' dir='ltr'><strong>nostri</strong></span> <span class='ocrx_word' id='word_1_94' title='bbox 196 1498 283 1543; x_wconf 92' lang='lat' dir='ltr'><strong>anno</strong></span> <span class='ocrx_word' id='word_1_95' title='bbox 307 1479 458 1545; x_wconf 88' lang='lat' dir='ltr'><strong>secundo.</strong></span> 
     </span>
    </p>
   </div>
   <div class='ocr_carea' id='block_1_5' title="bbox 605 1610 817 1618">
    <p class='ocr_par' dir='ltr' id='par_1_6' title="bbox 605 1610 817 1618">
     <span class='ocr_line' id='line_1_13' title="bbox 605 1610 817 1618; baseline 0.005 -1"><span class='ocrx_word' id='word_1_96' title='bbox 605 1610 778 1618; x_wconf 66' lang='lat'><em>——-.—-</em></span> <span class='ocrx_word' id='word_1_97' title='bbox 786 1612 817 1618; x_wconf 75' lang='lat'><strong>—-</strong></span> 
     </span>
    </p>
   </div>
   <div class='ocr_carea' id='block_1_6' title="bbox 75 1748 1352 1943">
    <p class='ocr_par' dir='ltr' id='par_1_7' title="bbox 75 1748 1352 1943">
     <span class='ocr_line' id='line_1_14' title="bbox 75 1748 1352 1836; baseline -0.003 -12"><span class='ocrx_word' id='word_1_98' title='bbox 75 1748 161 1826; x_wconf 83' lang='grc'><strong>402.</strong></span> <span class='ocrx_word' id='word_1_99' title='bbox 190 1761 371 1821; x_wconf 75' lang='lat' dir='ltr'><strong>Caelestinus</strong></span> <span class='ocrx_word' id='word_1_100' title='bbox 393 1759 445 1819; x_wconf 89' lang='grc' dir='ltr'><strong>ΠΙ</strong></span> <span class='ocrx_word' id='word_1_101' title='bbox 461 1760 611 1819; x_wconf 67' lang='lat' dir='ltr'><strong>actuosis</strong></span> <span class='ocrx_word' id='word_1_102' title='bbox 635 1761 822 1820; x_wconf 70' lang='lat' dir='ltr'><strong>ecclesiarium</strong></span> <span class='ocrx_word' id='word_1_103' title='bbox 835 1761 979 1835; x_wconf 81' lang='lat' dir='ltr'><strong>praelatis</strong></span> <span class='ocrx_word' id='word_1_104' title='bbox 997 1761 1129 1833; x_wconf 69' lang='lat' dir='ltr'><strong>ravandel,</strong></span> <span class='ocrx_word' id='word_1_105' title='bbox 1152 1768 1186 1820; x_wconf 82' lang='lat' dir='ltr'><strong>ut</strong></span> <span class='ocrx_word' id='word_1_106' title='bbox 1203 1762 1352 1836; x_wconf 72' lang='lat' dir='ltr'><strong>populum</strong></span> 
     </span>
     <span class='ocr_line' id='line_1_15' title="bbox 179 1867 1351 1943; baseline 0 -17"><span class='ocrx_word' id='word_1_107' title='bbox 179 1868 364 1943; x_wconf 59' lang='lat' dir='ltr'><strong>inclamatio</strong></span> <span class='ocrx_word' id='word_1_108' title='bbox 381 1868 537 1942; x_wconf 77' lang='lat' dir='ltr'><strong>proposita</strong></span> <span class='ocrx_word' id='word_1_109' title='bbox 560 1867 598 1925; x_wconf 83' lang='lat' dir='ltr'><strong>ud</strong></span> <span class='ocrx_word' id='word_1_110' title='bbox 619 1868 748 1926; x_wconf 83' lang='lat' dir='ltr'><strong>collectos</strong></span> <span class='ocrx_word' id='word_1_111' title='bbox 771 1867 806 1926; x_wconf 81' lang='lat' dir='ltr'><strong>ic</strong></span> <span class='ocrx_word' id='word_1_112' title='bbox 824 1887 916 1925; x_wconf 68' lang='lat' dir='ltr'><strong>ustam</strong></span> <span class='ocrx_word' id='word_1_113' title='bbox 937 1868 1172 1942; x_wconf 75' lang='lat' dir='ltr'><strong>Templorimum</strong></span> <span class='ocrx_word' id='word_1_114' title='bbox 1193 1868 1351 1927; x_wconf 75' lang='lat' dir='ltr'><strong>instituen-</strong></span> 
     </span>
    </p>
   </div>
   <div class='ocr_carea' id='block_1_7' title="bbox 181 1974 1075 2146">
    <p class='ocr_par' dir='ltr' id='par_1_8' title="bbox 181 1974 1075 2146">
     <span class='ocr_line' id='line_1_16' title="bbox 181 1974 528 2047; baseline -0.006 -14"><span class='ocrx_word' id='word_1_115' title='bbox 181 1974 236 2033; x_wconf 81' lang='lat' dir='ltr'><strong>das</strong></span> <span class='ocrx_word' id='word_1_116' title='bbox 259 1974 457 2047; x_wconf 72' lang='lat' dir='ltr'><strong>adhortemur,</strong></span> <span class='ocrx_word' id='word_1_117' title='bbox 480 1980 528 2033; x_wconf 79' lang='lat' dir='ltr'><strong>cet.</strong></span> 
     </span>
     <span class='ocr_line' id='line_1_17' title="bbox 351 2074 1075 2146; baseline -0.001 -17"><span class='ocrx_word' id='word_1_118' title='bbox 351 2075 525 2146; x_wconf 84' lang='lat' dir='ltr'><strong>Autograph.</strong></span> <span class='ocrx_word' id='word_1_119' title='bbox 545 2075 574 2129; x_wconf 90' lang='lat' dir='ltr'><strong>in</strong></span> <span class='ocrx_word' id='word_1_120' title='bbox 592 2074 680 2130; x_wconf 84' lang='lat' dir='ltr'><strong>tabul.</strong></span> <span class='ocrx_word' id='word_1_121' title='bbox 700 2080 756 2128; x_wconf 77' lang='lat' dir='ltr'><strong>nat,</strong></span> <span class='ocrx_word' id='word_1_122' title='bbox 775 2075 861 2129; x_wconf 84' lang='lat' dir='ltr'><strong>Paris.</strong></span> <span class='ocrx_word' id='word_1_123' title='bbox 880 2074 912 2129; x_wconf 93' lang='lat' dir='ltr'><strong>L.</strong></span> <span class='ocrx_word' id='word_1_124' title='bbox 932 2076 984 2130; x_wconf 83' lang='grc'><strong>235</strong></span> <span class='ocrx_word' id='word_1_125' title='bbox 1003 2092 1030 2129; x_wconf 93' lang='lat' dir='ltr'><strong>n.</strong></span> <span class='ocrx_word' id='word_1_126' title='bbox 1050 2075 1075 2130; x_wconf 89' lang='lat'><strong>8.</strong></span> 
     </span>
    </p>
   </div>
   <div class='ocr_carea' id='block_1_8' title="bbox 24 2235 1469 4667">
    <p class='ocr_par' dir='ltr' id='par_1_9' title="bbox 160 2235 1454 2319">
     <span class='ocr_line' id='line_1_18' title="bbox 160 2235 1454 2319; baseline 0.002 -19"><span class='ocrx_word' id='word_1_127' title='bbox 160 2235 341 2301; x_wconf 83' lang='lat' dir='ltr'><strong>Celestinus</strong></span> <span class='ocrx_word' id='word_1_128' title='bbox 365 2236 536 2319; x_wconf 92' lang='lat' dir='ltr'><strong>episcopus</strong></span> <span class='ocrx_word' id='word_1_129' title='bbox 560 2258 670 2301; x_wconf 90' lang='lat' dir='ltr'><strong>servus</strong></span> <span class='ocrx_word' id='word_1_130' title='bbox 695 2256 860 2302; x_wconf 84' lang='lat' dir='ltr'><strong>servorum</strong></span> <span class='ocrx_word' id='word_1_131' title='bbox 884 2235 947 2300; x_wconf 91' lang='lat' dir='ltr'><strong>Dei</strong></span> <span class='ocrx_word' id='word_1_132' title='bbox 973 2235 1213 2301; x_wconf 88' lang='lat' dir='ltr'><strong>venerabilibus</strong></span> <span class='ocrx_word' id='word_1_133' title='bbox 1241 2235 1350 2299; x_wconf 83' lang='lat' dir='ltr'><strong>fratri·</strong></span> <span class='ocrx_word' id='word_1_134' title='bbox 1370 2245 1454 2303; x_wconf 83' lang='lat'>1192</span> 
     </span>
    </p>

    <p class='ocr_par' dir='ltr' id='par_1_10' title="bbox 74 2334 1469 3172">
     <span class='ocr_line' id='line_1_19' title="bbox 74 2334 1469 2427; baseline 0.001 -22"><span class='ocrx_word' id='word_1_135' title='bbox 74 2341 131 2406; x_wconf 91' lang='lat' dir='ltr'><strong>hus</strong></span> <span class='ocrx_word' id='word_1_136' title='bbox 155 2342 423 2426; x_wconf 85' lang='lat' dir='ltr'><strong>archiepiscopis,</strong></span> <span class='ocrx_word' id='word_1_137' title='bbox 457 2345 616 2427; x_wconf 89' lang='lat' dir='ltr'><strong>episcopis</strong></span> <span class='ocrx_word' id='word_1_138' title='bbox 650 2350 682 2408; x_wconf 97' lang='lat' dir='ltr'><strong>et</strong></span> <span class='ocrx_word' id='word_1_139' title='bbox 714 2343 841 2408; x_wconf 87' lang='lat' dir='ltr'><strong>dilectis</strong></span> <span class='ocrx_word' id='word_1_140' title='bbox 874 2342 949 2406; x_wconf 93' lang='lat' dir='ltr'><strong>filiis</strong></span> <span class='ocrx_word' id='word_1_141' title='bbox 973 2342 1163 2423; x_wconf 88' lang='lat' dir='ltr'><strong>abbatibus,</strong></span> <span class='ocrx_word' id='word_1_142' title='bbox 1187 2342 1349 2424; x_wconf 91' lang='lat' dir='ltr'><strong>prioribus</strong></span> <span class='ocrx_word' id='word_1_143' title='bbox 1367 2334 1424 2393; x_wconf 78' lang='lat'>1¹11·</span> <span class='ocrx_word' id='word_1_144' title='bbox 1441 2335 1469 2392; x_wconf 77' lang='lat'><strong>5·</strong></span> 
     </span>
     <span class='ocr_line' id='line_1_20' title="bbox 76 2448 1349 2533; baseline 0 -21"><span class='ocrx_word' id='word_1_145' title='bbox 76 2455 105 2512; x_wconf 89' lang='lat' dir='ltr'><strong>et</strong></span> <span class='ocrx_word' id='word_1_146' title='bbox 126 2449 200 2513; x_wconf 89' lang='lat' dir='ltr'><strong>aliis</strong></span> <span class='ocrx_word' id='word_1_147' title='bbox 224 2449 433 2513; x_wconf 91' lang='lat' dir='ltr'><strong>ecclesiarum</strong></span> <span class='ocrx_word' id='word_1_148' title='bbox 456 2450 607 2532; x_wconf 90' lang='lat' dir='ltr'><strong>prelatis,</strong></span> <span class='ocrx_word' id='word_1_149' title='bbox 632 2451 674 2514; x_wconf 93' lang='lat' dir='ltr'><strong>ad</strong></span> <span class='ocrx_word' id='word_1_150' title='bbox 698 2472 779 2533; x_wconf 89' lang='lat' dir='ltr'><strong>quos</strong></span> <span class='ocrx_word' id='word_1_151' title='bbox 803 2450 911 2514; x_wconf 87' lang='lat' dir='ltr'><strong>littere</strong></span> <span class='ocrx_word' id='word_1_152' title='bbox 935 2449 997 2513; x_wconf 93' lang='lat' dir='ltr'><strong>iste</strong></span> <span class='ocrx_word' id='word_1_153' title='bbox 1019 2450 1238 2533; x_wconf 88' lang='lat' dir='ltr'><strong>pervenerint,</strong></span> <span class='ocrx_word' id='word_1_154' title='bbox 1264 2448 1349 2512; x_wconf 87' lang='lat' dir='ltr'><strong>salu-</strong></span> 
     </span>
     <span class='ocr_line' id='line_1_21' title="bbox 76 2555 1351 2638; baseline 0.002 -21"><span class='ocrx_word' id='word_1_155' title='bbox 76 2560 137 2618; x_wconf 90' lang='lat' dir='ltr'><strong>tem</strong></span> <span class='ocrx_word' id='word_1_156' title='bbox 160 2560 200 2619; x_wconf 81' lang='lat' dir='ltr'><strong>et&#39;</strong></span> <span class='ocrx_word' id='word_1_157' title='bbox 219 2556 432 2638; x_wconf 88' lang='lat' dir='ltr'><strong>apostolicam</strong></span> <span class='ocrx_word' id='word_1_158' title='bbox 460 2556 727 2622; x_wconf 89' lang='lat' dir='ltr'><strong>benedictionem.</strong></span> <span class='ocrx_word' id='word_1_159' title='bbox 773 2556 846 2620; x_wconf 91' lang='lat' dir='ltr'><strong>Non</strong></span> <span class='ocrx_word' id='word_1_160' title='bbox 879 2556 1003 2638; x_wconf 88' lang='lat' dir='ltr'><strong>absque</strong></span> <span class='ocrx_word' id='word_1_161' title='bbox 1037 2555 1146 2620; x_wconf 91' lang='lat' dir='ltr'><strong>dolore</strong></span> <span class='ocrx_word' id='word_1_162' title='bbox 1180 2555 1285 2620; x_wconf 87' lang='lat' dir='ltr'><strong>cordis</strong></span> <span class='ocrx_word' id='word_1_163' title='bbox 1318 2561 1351 2619; x_wconf 92' lang='lat' dir='ltr'><strong>et</strong></span> 
     </span>
     <span class='ocr_line' id='line_1_22' title="bbox 77 2659 1349 2747; baseline 0.002 -24"><span class='ocrx_word' id='word_1_164' title='bbox 77 2659 211 2742; x_wconf 88' lang='lat' dir='ltr'><strong>plurima</strong></span> <span class='ocrx_word' id='word_1_165' title='bbox 232 2661 419 2727; x_wconf 90' lang='lat' dir='ltr'><strong>turbatione</strong></span> <span class='ocrx_word' id='word_1_166' title='bbox 443 2662 623 2746; x_wconf 86' lang='lat' dir='ltr'><strong>didicimus,</strong></span> <span class='ocrx_word' id='word_1_167' title='bbox 648 2663 735 2747; x_wconf 88' lang='lat' dir='ltr'><strong>quod</strong></span> <span class='ocrx_word' id='word_1_168' title='bbox 763 2664 810 2727; x_wconf 91' lang='lat' dir='ltr'><strong>ita</strong></span> <span class='ocrx_word' id='word_1_169' title='bbox 833 2664 867 2726; x_wconf 91' lang='lat' dir='ltr'><strong>in</strong></span> <span class='ocrx_word' id='word_1_170' title='bbox 889 2663 1053 2746; x_wconf 88' lang='lat' dir='ltr'><strong>plerisque</strong></span> <span class='ocrx_word' id='word_1_171' title='bbox 1076 2662 1225 2745; x_wconf 90' lang='lat' dir='ltr'><strong>partibus</strong></span> <span class='ocrx_word' id='word_1_172' title='bbox 1250 2662 1349 2726; x_wconf 89' lang='lat' dir='ltr'><strong>eccle-</strong></span> 
     </span>
     <span class='ocr_line' id='line_1_23' title="bbox 79 2767 1349 2851; baseline 0.002 -21"><span class='ocrx_word' id='word_1_173' title='bbox 79 2767 204 2832; x_wconf 87' lang='lat' dir='ltr'><strong>siastica</strong></span> <span class='ocrx_word' id='word_1_174' title='bbox 226 2789 363 2833; x_wconf 90' lang='lat' dir='ltr'><strong>censura</strong></span> <span class='ocrx_word' id='word_1_175' title='bbox 386 2769 534 2835; x_wconf 90' lang='lat' dir='ltr'><strong>dissolvit</strong></span> <span class='ocrx_word' id='word_1_176' title='bbox 561 2777 594 2834; x_wconf 89' lang='lat' dir='ltr'><strong>et</strong></span> <span class='ocrx_word' id='word_1_177' title='bbox 621 2771 775 2836; x_wconf 89' lang='lat' dir='ltr'><strong>canonice</strong></span> <span class='ocrx_word' id='word_1_178' title='bbox 805 2772 963 2834; x_wconf 89' lang='lat' dir='ltr'><strong>sententie</strong></span> <span class='ocrx_word' id='word_1_179' title='bbox 988 2770 1143 2833; x_wconf 88' lang='lat' dir='ltr'><strong>severitas</strong></span> <span class='ocrx_word' id='word_1_180' title='bbox 1168 2775 1349 2851; x_wconf 88' lang='lat' dir='ltr'><strong>enervatur,</strong></span> 
     </span>
     <span class='ocr_line' id='line_1_24' title="bbox 79 2874 1349 2960; baseline 0.002 -25"><span class='ocrx_word' id='word_1_181' title='bbox 79 2879 110 2936; x_wconf 93' lang='lat' dir='ltr'><strong>ut</strong></span> <span class='ocrx_word' id='word_1_182' title='bbox 134 2874 194 2938; x_wconf 88' lang='lat' dir='ltr'><strong>viri</strong></span> <span class='ocrx_word' id='word_1_183' title='bbox 225 2876 369 2958; x_wconf 84' lang='lat' dir='ltr'><strong>religiosi</strong></span> <span class='ocrx_word' id='word_1_184' title='bbox 385 2876 435 2940; x_wconf 85' lang='lat' dir='ltr'><strong>’et</strong></span> <span class='ocrx_word' id='word_1_185' title='bbox 466 2876 512 2940; x_wconf 93' lang='lat' dir='ltr'><strong>hii</strong></span> <span class='ocrx_word' id='word_1_186' title='bbox 544 2877 698 2960; x_wconf 84' lang='lat' dir='ltr'><strong>maxime,</strong></span> <span class='ocrx_word' id='word_1_187' title='bbox 732 2878 789 2960; x_wconf 94' lang='lat' dir='ltr'><strong>qui</strong></span> <span class='ocrx_word' id='word_1_188' title='bbox 811 2898 870 2959; x_wconf 91' lang='lat' dir='ltr'><strong>per</strong></span> <span class='ocrx_word' id='word_1_189' title='bbox 900 2876 985 2940; x_wconf 89' lang='lat' dir='ltr'><strong>sedis</strong></span> <span class='ocrx_word' id='word_1_190' title='bbox 1014 2875 1189 2958; x_wconf 89' lang='lat' dir='ltr'><strong>apostolice</strong></span> <span class='ocrx_word' id='word_1_191' title='bbox 1222 2876 1349 2958; x_wconf 91' lang='lat' dir='ltr'><strong>privile-</strong></span> 
     </span>
     <span class='ocr_line' id='line_1_25' title="bbox 80 2980 1349 3066; baseline 0 -22"><span class='ocrx_word' id='word_1_192' title='bbox 80 2980 126 3061; x_wconf 86' lang='lat' dir='ltr'><strong>gia</strong></span> <span class='ocrx_word' id='word_1_193' title='bbox 146 2981 261 3046; x_wconf 89' lang='lat' dir='ltr'><strong>maiori</strong></span> <span class='ocrx_word' id='word_1_194' title='bbox 285 2982 397 3047; x_wconf 91' lang='lat' dir='ltr'><strong>donati</strong></span> <span class='ocrx_word' id='word_1_195' title='bbox 421 2990 497 3048; x_wconf 88' lang='lat' dir='ltr'><strong>sunt</strong></span> <span class='ocrx_word' id='word_1_196' title='bbox 526 2984 692 3065; x_wconf 88' lang='lat' dir='ltr'><strong>libertate,</strong></span> <span class='ocrx_word' id='word_1_197' title='bbox 726 2984 848 3066; x_wconf 90' lang='lat' dir='ltr'><strong>passim</strong></span> <span class='ocrx_word' id='word_1_198' title='bbox 876 3005 896 3047; x_wconf 91' lang='lat' dir='ltr'><strong>a</strong></span> <span class='ocrx_word' id='word_1_199' title='bbox 919 2981 1183 3046; x_wconf 82' lang='lat' dir='ltr'><strong>malefactoribus</strong></span> <span class='ocrx_word' id='word_1_200' title='bbox 1212 2982 1279 3045; x_wconf 90' lang='lat' dir='ltr'><strong>suis</strong></span> <span class='ocrx_word' id='word_1_201' title='bbox 1302 2983 1349 3045; x_wconf 94' lang='lat' dir='ltr'><strong>in-</strong></span> 
     </span>
     <span class='ocr_line' id='line_1_26' title="bbox 80 3088 1350 3172; baseline 0.002 -23"><span class='ocrx_word' id='word_1_202' title='bbox 80 3088 186 3154; x_wconf 88' lang='lat' dir='ltr'><strong>iuriam</strong></span> <span class='ocrx_word' id='word_1_203' title='bbox 210 3091 395 3154; x_wconf 87' lang='lat' dir='ltr'><strong>sustineant</strong></span> <span class='ocrx_word' id='word_1_204' title='bbox 418 3095 450 3153; x_wconf 90' lang='lat' dir='ltr'><strong>et</strong></span> <span class='ocrx_word' id='word_1_205' title='bbox 472 3110 656 3172; x_wconf 84' lang='lat' dir='ltr'><strong>gravamen,</strong></span> <span class='ocrx_word' id='word_1_206' title='bbox 682 3090 758 3153; x_wconf 92' lang='lat' dir='ltr'><strong>dum</strong></span> <span class='ocrx_word' id='word_1_207' title='bbox 781 3091 834 3154; x_wconf 87' lang='lat' dir='ltr'><strong>vix</strong></span> <span class='ocrx_word' id='word_1_208' title='bbox 853 3091 1024 3170; x_wconf 89' lang='lat' dir='ltr'><strong>invenitur,</strong></span> <span class='ocrx_word' id='word_1_209' title='bbox 1049 3090 1105 3171; x_wconf 91' lang='lat' dir='ltr'><strong>qui</strong></span> <span class='ocrx_word' id='word_1_210' title='bbox 1125 3110 1266 3170; x_wconf 83' lang='lat' dir='ltr'><strong>congrua</strong></span> <span class='ocrx_word' id='word_1_211' title='bbox 1285 3088 1350 3152; x_wconf 92' lang='lat' dir='ltr'><strong>illis</strong></span> 
     </span>
    </p>

    <p class='ocr_par' dir='ltr' id='par_1_11' title="bbox 24 3195 1350 3280">
     <span class='ocr_line' id='line_1_27' title="bbox 24 3195 1350 3280; baseline -0.002 -21"><span class='ocrx_word' id='word_1_212' title='bbox 24 3220 26 3235; x_wconf 73' lang='lat'><strong>¹</strong></span> <span class='ocrx_word' id='word_1_213' title='bbox 79 3197 271 3277; x_wconf 89' lang='lat' dir='ltr'><strong>protectione</strong></span> <span class='ocrx_word' id='word_1_214' title='bbox 294 3195 466 3260; x_wconf 87' lang='lat' dir='ltr'><strong>subveniat</strong></span> <span class='ocrx_word' id='word_1_215' title='bbox 496 3202 529 3260; x_wconf 90' lang='lat' dir='ltr'><strong>ct</strong></span> <span class='ocrx_word' id='word_1_216' title='bbox 555 3218 614 3280; x_wconf 93' lang='lat' dir='ltr'><strong>pro</strong></span> <span class='ocrx_word' id='word_1_217' title='bbox 642 3195 779 3260; x_wconf 87' lang='lat' dir='ltr'><strong>fovenda</strong></span> <span class='ocrx_word' id='word_1_218' title='bbox 808 3217 987 3280; x_wconf 86' lang='lat' dir='ltr'><strong>pauperum</strong></span> <span class='ocrx_word' id='word_1_219' title='bbox 1013 3196 1200 3261; x_wconf 88' lang='lat' dir='ltr'><strong>innocentia</strong></span> <span class='ocrx_word' id='word_1_220' title='bbox 1222 3216 1350 3258; x_wconf 89' lang='lat' dir='ltr'><strong>murum</strong></span> 
     </span>
    </p>

    <p class='ocr_par' dir='ltr' id='par_1_12' title="bbox 24 3292 1351 3607">
     <span class='ocr_line' id='line_1_28' title="bbox 24 3292 1350 3393; baseline 0.002 -29"><span class='ocrx_word' id='word_1_221' title='bbox 24 3292 28 3393; x_wconf 73' lang='lat' dir='ltr'><strong>&#39;j</strong></span> <span class='ocrx_word' id='word_1_222' title='bbox 78 3301 266 3368; x_wconf 85' lang='lat' dir='ltr'><strong>defensionis</strong></span> <span class='ocrx_word' id='word_1_223' title='bbox 290 3308 441 3386; x_wconf 91' lang='lat' dir='ltr'><strong>opponat.</strong></span> <span class='ocrx_word' id='word_1_224' title='bbox 489 3302 570 3367; x_wconf 78' lang='lat' dir='ltr'><strong>Cum</strong></span> <span class='ocrx_word' id='word_1_225' title='bbox 598 3309 707 3367; x_wconf 92' lang='lat' dir='ltr'><strong>autem</strong></span> <span class='ocrx_word' id='word_1_226' title='bbox 735 3304 845 3368; x_wconf 91' lang='lat' dir='ltr'><strong>dilecti</strong></span> <span class='ocrx_word' id='word_1_227' title='bbox 872 3303 932 3367; x_wconf 91' lang='lat' dir='ltr'><strong>filii</strong></span> <span class='ocrx_word' id='word_1_228' title='bbox 958 3303 1062 3368; x_wconf 90' lang='lat' dir='ltr'><strong>nostri</strong></span> <span class='ocrx_word' id='word_1_229' title='bbox 1090 3302 1207 3366; x_wconf 89' lang='lat' dir='ltr'><strong>fratres</strong></span> <span class='ocrx_word' id='word_1_230' title='bbox 1235 3300 1350 3366; x_wconf 89' lang='lat' dir='ltr'><strong>militie</strong></span> 
     </span>
     <span class='ocr_line' id='line_1_29' title="bbox 78 3406 1349 3494; baseline 0 -23"><span class='ocrx_word' id='word_1_231' title='bbox 78 3406 196 3494; x_wconf 79' lang='lat' dir='ltr'><strong>Templi</strong></span> <span class='ocrx_word' id='word_1_232' title='bbox 214 3429 320 3492; x_wconf 90' lang='lat' dir='ltr'><strong>nuper</strong></span> <span class='ocrx_word' id='word_1_233' title='bbox 337 3409 546 3493; x_wconf 90' lang='lat' dir='ltr'><strong>permittente</strong></span> <span class='ocrx_word' id='word_1_234' title='bbox 559 3409 699 3475; x_wconf 93' lang='lat' dir='ltr'><strong>Domino</strong></span> <span class='ocrx_word' id='word_1_235' title='bbox 715 3409 756 3474; x_wconf 91' lang='lat' dir='ltr'><strong>ab</strong></span> <span class='ocrx_word' id='word_1_236' title='bbox 771 3410 909 3473; x_wconf 92' lang='lat' dir='ltr'><strong>inimicis</strong></span> <span class='ocrx_word' id='word_1_237' title='bbox 926 3408 1102 3474; x_wconf 80' lang='lat' dir='ltr'><strong>Christiani</strong></span> <span class='ocrx_word' id='word_1_238' title='bbox 1119 3408 1257 3473; x_wconf 91' lang='lat' dir='ltr'><strong>nominis</strong></span> <span class='ocrx_word' id='word_1_239' title='bbox 1277 3429 1349 3490; x_wconf 84' lang='lat' dir='ltr'><strong>gra-</strong></span> 
     </span>
     <span class='ocr_line' id='line_1_30' title="bbox 76 3514 1351 3607; baseline -0.002 -28"><span class='ocrx_word' id='word_1_240' title='bbox 76 3515 150 3581; x_wconf 89' lang='lat' dir='ltr'><strong>viter</strong></span> <span class='ocrx_word' id='word_1_241' title='bbox 174 3517 241 3580; x_wconf 89' lang='lat' dir='ltr'><strong>sint</strong></span> <span class='ocrx_word' id='word_1_242' title='bbox 264 3519 411 3600; x_wconf 88' lang='lat' dir='ltr'><strong>oppressi</strong></span> <span class='ocrx_word' id='word_1_243' title='bbox 430 3522 463 3580; x_wconf 90' lang='lat' dir='ltr'><strong>et</strong></span> <span class='ocrx_word' id='word_1_244' title='bbox 485 3515 699 3598; x_wconf 88' lang='lat' dir='ltr'><strong>vehementer,</strong></span> <span class='ocrx_word' id='word_1_245' title='bbox 720 3517 805 3580; x_wconf 90' lang='lat' dir='ltr'><strong>sicut</strong></span> <span class='ocrx_word' id='word_1_246' title='bbox 827 3537 882 3580; x_wconf 89' lang='lat' dir='ltr'><strong>vos</strong></span> <span class='ocrx_word' id='word_1_247' title='bbox 902 3536 998 3607; x_wconf 86' lang='lat' dir='ltr'><strong>nosse</strong></span> <span class='ocrx_word' id='word_1_248' title='bbox 1017 3515 1188 3595; x_wconf 83' lang='lat' dir='ltr'><strong>credimus,</strong></span> <span class='ocrx_word' id='word_1_249' title='bbox 1209 3514 1351 3579; x_wconf 86' lang='lat' dir='ltr'><strong>barbara</strong></span> 
     </span>
    </p>

    <p class='ocr_par' dir='ltr' id='par_1_13' title="bbox 24 3621 1350 3707">
     <span class='ocr_line' id='line_1_31' title="bbox 24 3621 1350 3707; baseline -0.002 -20"><span class='ocrx_word' id='word_1_250' title='bbox 24 3698 26 3703; x_wconf 23' lang='lat'><strong>¹</strong></span> <span class='ocrx_word' id='word_1_251' title='bbox 74 3623 186 3688; x_wconf 86' lang='lat' dir='ltr'><strong>sevitia</strong></span> <span class='ocrx_word' id='word_1_252' title='bbox 208 3643 410 3707; x_wconf 85' lang='lat' dir='ltr'><strong>paganorum</strong></span> <span class='ocrx_word' id='word_1_253' title='bbox 442 3623 516 3687; x_wconf 90' lang='lat' dir='ltr'><strong>illos</strong></span> <span class='ocrx_word' id='word_1_254' title='bbox 548 3624 581 3686; x_wconf 91' lang='lat' dir='ltr'><strong>in</strong></span> <span class='ocrx_word' id='word_1_255' title='bbox 611 3624 757 3707; x_wconf 88' lang='lat' dir='ltr'><strong>personis</strong></span> <span class='ocrx_word' id='word_1_256' title='bbox 791 3629 824 3687; x_wconf 89' lang='lat' dir='ltr'><strong>et</strong></span> <span class='ocrx_word' id='word_1_257' title='bbox 850 3623 948 3688; x_wconf 89' lang='lat' dir='ltr'><strong>rebus</strong></span> <span class='ocrx_word' id='word_1_258' title='bbox 977 3621 1163 3686; x_wconf 85' lang='lat' dir='ltr'><strong>exhauserit</strong></span> <span class='ocrx_word' id='word_1_259' title='bbox 1191 3626 1224 3685; x_wconf 93' lang='lat' dir='ltr'><strong>et</strong></span> <span class='ocrx_word' id='word_1_260' title='bbox 1252 3621 1350 3684; x_wconf 91' lang='lat' dir='ltr'><strong>etiam</strong></span> 
     </span>
    </p>

    <p class='ocr_par' dir='ltr' id='par_1_14' title="bbox 24 3706 1395 4667">
     <span class='ocr_line' id='line_1_32' title="bbox 24 3706 1350 3813; baseline -0.004 -19"><span class='ocrx_word' id='word_1_261' title='bbox 24 3706 27 3727; x_wconf 45' lang='grc' dir='ltr'>Ι</span> <span class='ocrx_word' id='word_1_262' title='bbox 71 3751 124 3812; x_wconf 92' lang='lat' dir='ltr'><strong>pro</strong></span> <span class='ocrx_word' id='word_1_263' title='bbox 147 3736 240 3794; x_wconf 88' lang='lat' dir='ltr'><strong>terra</strong></span> <span class='ocrx_word' id='word_1_264' title='bbox 264 3735 378 3794; x_wconf 89' lang='lat' dir='ltr'><strong>sancta</strong></span> <span class='ocrx_word' id='word_1_265' title='bbox 401 3729 441 3793; x_wconf 91' lang='lat' dir='ltr'><strong>de</strong></span> <span class='ocrx_word' id='word_1_266' title='bbox 463 3729 593 3795; x_wconf 91' lang='lat' dir='ltr'><strong>illorum</strong></span> <span class='ocrx_word' id='word_1_267' title='bbox 616 3730 774 3813; x_wconf 90' lang='lat' dir='ltr'><strong>spurcitia</strong></span> <span class='ocrx_word' id='word_1_268' title='bbox 791 3728 961 3793; x_wconf 90' lang='lat' dir='ltr'><strong>liberanda</strong></span> <span class='ocrx_word' id='word_1_269' title='bbox 985 3734 1132 3813; x_wconf 87' lang='lat' dir='ltr'><strong>sumptus</strong></span> <span class='ocrx_word' id='word_1_270' title='bbox 1156 3727 1350 3812; x_wconf 90' lang='lat' dir='ltr'><strong>pertulerint</strong></span> 
     </span>
     <span class='ocr_line' id='line_1_33' title="bbox 71 3835 1349 3920; baseline -0.003 -20"><span class='ocrx_word' id='word_1_271' title='bbox 71 3842 99 3901; x_wconf 91' lang='lat' dir='ltr'><strong>et</strong></span> <span class='ocrx_word' id='word_1_272' title='bbox 119 3836 253 3902; x_wconf 86' lang='lat' dir='ltr'><strong>labores</strong></span> <span class='ocrx_word' id='word_1_273' title='bbox 278 3842 311 3901; x_wconf 86' lang='lat' dir='ltr'><strong>et</strong></span> <span class='ocrx_word' id='word_1_274' title='bbox 332 3858 391 3920; x_wconf 93' lang='lat' dir='ltr'><strong>pro</strong></span> <span class='ocrx_word' id='word_1_275' title='bbox 414 3837 486 3920; x_wconf 91' lang='lat' dir='ltr'><strong>ipso</strong></span> <span class='ocrx_word' id='word_1_276' title='bbox 513 3835 646 3901; x_wconf 89' lang='lat' dir='ltr'><strong>humani</strong></span> <span class='ocrx_word' id='word_1_277' title='bbox 673 3836 799 3919; x_wconf 86' lang='lat' dir='ltr'><strong>generis</strong></span> <span class='ocrx_word' id='word_1_278' title='bbox 824 3836 985 3900; x_wconf 89' lang='lat' dir='ltr'><strong>salvatore</strong></span> <span class='ocrx_word' id='word_1_279' title='bbox 1015 3836 1140 3900; x_wconf 91' lang='lat' dir='ltr'><strong>animas</strong></span> <span class='ocrx_word' id='word_1_280' title='bbox 1167 3855 1287 3918; x_wconf 89' lang='lat' dir='ltr'><strong>ponere</strong></span> <span class='ocrx_word' id='word_1_281' title='bbox 1311 3854 1349 3897; x_wconf 91' lang='lat' dir='ltr'><strong>ac</strong></span> 
     </span>
     <span class='ocr_line' id='line_1_34' title="bbox 68 3939 1348 4027; baseline -0.002 -21"><span class='ocrx_word' id='word_1_282' title='bbox 68 3965 125 4027; x_wconf 92' lang='lat' dir='ltr'><strong>pro</strong></span> <span class='ocrx_word' id='word_1_283' title='bbox 149 3941 309 4007; x_wconf 83' lang='lat' dir='ltr'><strong>fratribus</strong></span> <span class='ocrx_word' id='word_1_284' title='bbox 334 3948 478 4006; x_wconf 87' lang='lat' dir='ltr'><strong>extrema</strong></span> <span class='ocrx_word' id='word_1_285' title='bbox 502 3941 611 4006; x_wconf 91' lang='lat' dir='ltr'><strong>subire</strong></span> <span class='ocrx_word' id='word_1_286' title='bbox 634 3943 779 4026; x_wconf 89' lang='lat' dir='ltr'><strong>pericula</strong></span> <span class='ocrx_word' id='word_1_287' title='bbox 793 3965 858 4008; x_wconf 90' lang='lat' dir='ltr'><strong>non</strong></span> <span class='ocrx_word' id='word_1_288' title='bbox 872 3942 1056 4023; x_wconf 85' lang='lat' dir='ltr'><strong>formident,</strong></span> <span class='ocrx_word' id='word_1_289' title='bbox 1081 3941 1123 4005; x_wconf 93' lang='lat' dir='ltr'><strong>ad</strong></span> <span class='ocrx_word' id='word_1_290' title='bbox 1146 3939 1348 4005; x_wconf 87' lang='lat' dir='ltr'><strong>benefacien-</strong></span> 
     </span>
     <span class='ocr_line' id='line_1_35' title="bbox 69 4042 1395 4133; baseline -0.004 -19"><span class='ocrx_word' id='word_1_291' title='bbox 69 4049 145 4115; x_wconf 92' lang='lat' dir='ltr'><strong>dum</strong></span> <span class='ocrx_word' id='word_1_292' title='bbox 169 4049 250 4133; x_wconf 83' lang='lat' dir='ltr'><strong>ipsis</strong></span> <span class='ocrx_word' id='word_1_293' title='bbox 275 4050 374 4114; x_wconf 90' lang='lat' dir='ltr'><strong>etiam</strong></span> <span class='ocrx_word' id='word_1_294' title='bbox 397 4050 466 4113; x_wconf 88' lang='lat' dir='ltr'><strong>sine</strong></span> <span class='ocrx_word' id='word_1_295' title='bbox 490 4049 718 4115; x_wconf 90' lang='lat' dir='ltr'><strong>sollicitatione</strong></span> <span class='ocrx_word' id='word_1_296' title='bbox 741 4055 854 4115; x_wconf 89' lang='lat' dir='ltr'><strong>nostra</strong></span> <span class='ocrx_word' id='word_1_297' title='bbox 876 4049 993 4114; x_wconf 91' lang='lat' dir='ltr'><strong>merito</strong></span> <span class='ocrx_word' id='word_1_298' title='bbox 1016 4048 1155 4132; x_wconf 89' lang='lat' dir='ltr'><strong>possetis</strong></span> <span class='ocrx_word' id='word_1_299' title='bbox 1184 4046 1350 4110; x_wconf 91' lang='lat' dir='ltr'><strong>induciet</strong></span> <span class='ocrx_word' id='word_1_300' title='bbox 1393 4042 1395 4046; x_wconf 44' lang='lat'><em>⁴</em></span> 
     </span>
     <span class='ocr_line' id='line_1_36' title="bbox 68 4153 1349 4240; baseline -0.004 -19"><span class='ocrx_word' id='word_1_301' title='bbox 68 4157 196 4222; x_wconf 89' lang='lat' dir='ltr'><strong>adhoc</strong></span> <span class='ocrx_word' id='word_1_302' title='bbox 223 4161 348 4221; x_wconf 87' lang='lat' dir='ltr'><strong>vestros</strong></span> <span class='ocrx_word' id='word_1_303' title='bbox 377 4155 524 4221; x_wconf 89' lang='lat' dir='ltr'><strong>subditos</strong></span> <span class='ocrx_word' id='word_1_304' title='bbox 556 4157 747 4240; x_wconf 88' lang='lat' dir='ltr'><strong>propensius</strong></span> <span class='ocrx_word' id='word_1_305' title='bbox 776 4157 923 4220; x_wconf 89' lang='lat' dir='ltr'><strong>invitare.</strong></span> <span class='ocrx_word' id='word_1_306' title='bbox 971 4154 1051 4220; x_wconf 85' lang='lat' dir='ltr'><strong>Cum</strong></span> <span class='ocrx_word' id='word_1_307' title='bbox 1074 4160 1184 4220; x_wconf 89' lang='lat' dir='ltr'><strong>autem</strong></span> <span class='ocrx_word' id='word_1_308' title='bbox 1211 4153 1349 4236; x_wconf 89' lang='lat' dir='ltr'><strong>predicti</strong></span> 
     </span>
     <span class='ocr_line' id='line_1_37' title="bbox 67 4259 1349 4344; baseline -0.005 -16"><span class='ocrx_word' id='word_1_309' title='bbox 67 4263 197 4344; x_wconf 89' lang='lat' dir='ltr'><strong>fratres,</strong></span> <span class='ocrx_word' id='word_1_310' title='bbox 223 4263 308 4328; x_wconf 92' lang='lat' dir='ltr'><strong>sicut</strong></span> <span class='ocrx_word' id='word_1_311' title='bbox 325 4262 571 4327; x_wconf 86' lang='lat' dir='ltr'><strong>universitatem</strong></span> <span class='ocrx_word' id='word_1_312' title='bbox 588 4269 731 4328; x_wconf 88' lang='lat' dir='ltr'><strong>vestram</strong></span> <span class='ocrx_word' id='word_1_313' title='bbox 749 4262 851 4327; x_wconf 87' lang='lat' dir='ltr'><strong>latere</strong></span> <span class='ocrx_word' id='word_1_314' title='bbox 865 4280 931 4328; x_wconf 89' lang='lat' dir='ltr'><strong>nou</strong></span> <span class='ocrx_word' id='word_1_315' title='bbox 949 4261 1120 4341; x_wconf 90' lang='lat' dir='ltr'><strong>credimus,</strong></span> <span class='ocrx_word' id='word_1_316' title='bbox 1139 4259 1349 4325; x_wconf 89' lang='lat' dir='ltr'><strong>laudabiliter</strong></span> 
     </span>
     <span class='ocr_line' id='line_1_38' title="bbox 67 4364 1348 4458; baseline -0.005 -24"><span class='ocrx_word' id='word_1_317' title='bbox 67 4377 99 4434; x_wconf 89' lang='lat' dir='ltr'><strong>et</strong></span> <span class='ocrx_word' id='word_1_318' title='bbox 131 4368 266 4434; x_wconf 88' lang='lat' dir='ltr'><strong>assidue</strong></span> <span class='ocrx_word' id='word_1_319' title='bbox 297 4391 357 4453; x_wconf 91' lang='lat' dir='ltr'><strong>pro</strong></span> <span class='ocrx_word' id='word_1_320' title='bbox 381 4369 562 4434; x_wconf 89' lang='lat' dir='ltr'><strong>salvatoris</strong></span> <span class='ocrx_word' id='word_1_321' title='bbox 595 4370 714 4434; x_wconf 93' lang='lat' dir='ltr'><strong>iniuria</strong></span> <span class='ocrx_word' id='word_1_322' title='bbox 746 4369 941 4433; x_wconf 87' lang='lat' dir='ltr'><strong>vindicanda</strong></span> <span class='ocrx_word' id='word_1_323' title='bbox 973 4368 1139 4458; x_wconf 77' lang='lat' dir='ltr'><strong>decertent</strong></span> <span class='ocrx_word' id='word_1_324' title='bbox 1167 4372 1199 4430; x_wconf 92' lang='lat' dir='ltr'><strong>et</strong></span> <span class='ocrx_word' id='word_1_325' title='bbox 1225 4367 1279 4429; x_wconf 83' lang='lat' dir='ltr'><strong>vix</strong></span> <span class='ocrx_word' id='word_1_326' title='bbox 1306 4364 1348 4429; x_wconf 92' lang='lat' dir='ltr'><strong>ad</strong></span> 
     </span>
     <span class='ocr_line' id='line_1_39' title="bbox 66 4473 1346 4559; baseline -0.003 -20"><span class='ocrx_word' id='word_1_327' title='bbox 66 4482 160 4541; x_wconf 89' lang='lat' dir='ltr'><strong>tante</strong></span> <span class='ocrx_word' id='word_1_328' title='bbox 186 4475 302 4541; x_wconf 89' lang='lat' dir='ltr'><strong>militie</strong></span> <span class='ocrx_word' id='word_1_329' title='bbox 325 4476 597 4541; x_wconf 84' lang='lat' dir='ltr'><strong>sustentationem</strong></span> <span class='ocrx_word' id='word_1_330' title='bbox 620 4482 794 4559; x_wconf 90' lang='lat' dir='ltr'><strong>proventus</strong></span> <span class='ocrx_word' id='word_1_331' title='bbox 819 4497 930 4541; x_wconf 91' lang='lat' dir='ltr'><strong>eorum</strong></span> <span class='ocrx_word' id='word_1_332' title='bbox 954 4473 1103 4539; x_wconf 87' lang='lat' dir='ltr'><strong>sufficere</strong></span> <span class='ocrx_word' id='word_1_333' title='bbox 1126 4473 1346 4554; x_wconf 89' lang='lat' dir='ltr'><strong>dinoscantur,</strong></span> 
     </span>
     <span class='ocr_line' id='line_1_40' title="bbox 65 4579 1348 4667; baseline -0.004 -20"><span class='ocrx_word' id='word_1_334' title='bbox 65 4587 246 4667; x_wconf 80' lang='lat' dir='ltr'><strong>protento</strong></span> <span class='ocrx_word' id='word_1_335' title='bbox 274 4582 523 4647; x_wconf 87' lang='lat' dir='ltr'><strong>christianitatis</strong></span> <span class='ocrx_word' id='word_1_336' title='bbox 552 4583 719 4649; x_wconf 91' lang='lat' dir='ltr'><strong>commodo</strong></span> <span class='ocrx_word' id='word_1_337' title='bbox 748 4605 812 4647; x_wconf 92' lang='lat' dir='ltr'><strong>non</strong></span> <span class='ocrx_word' id='word_1_338' title='bbox 843 4583 948 4648; x_wconf 90' lang='lat' dir='ltr'><strong>solum</strong></span> <span class='ocrx_word' id='word_1_339' title='bbox 975 4580 1144 4646; x_wconf 91' lang='lat' dir='ltr'><strong>mobilium</strong></span> <span class='ocrx_word' id='word_1_340' title='bbox 1168 4579 1348 4644; x_wconf 89' lang='lat' dir='ltr'><strong>sedetiam</strong></span> 
     </span>
    </p>
   </div>
   <div class='ocr_carea' id='block_1_9' title="bbox 0 0 1562 5056">
    <p class='ocr_par' dir='ltr' id='par_1_15' title="bbox 0 0 1562 5056">
     <span class='ocr_line' id='line_1_41' title="bbox 0 0 1562 5056; baseline 0 0"><span class='ocrx_word' id='word_1_341' title='bbox 0 0 1562 5056; x_wconf 95' lang='lat' dir='ltr'><strong> </strong></span> 
     </span>
    </p>
   </div>
  </div>
 </body>
</html>
