3098 5056
371 274 376 283 ·
457 266 647 317 Anaxuunnr
665 277 703 317 111
722 274 891 316 EPISTOLAE
909 262 962 315 314
1285 248 1348 310 183

70 417 274 485 devotionem
299 427 332 486 et
355 423 574 488 obedientiam
597 428 688 486 tuam
710 423 745 485 in
767 422 829 486 hac
852 427 945 505 parte
968 421 1094 505 plenius
1119 424 1267 506 experiri,
1292 421 1509 506 per1179ex.

70 525 187 590 iterata
210 527 273 591 tibi
301 531 424 613 scripta
452 530 659 613 precipiendo
688 528 880 593 mandamus
909 535 941 592 et
969 530 1003 591 in
1025 530 1144 592 virtute
1168 529 1350 594 obedientie

69 632 277 715 iniungimus,
302 637 456 718 quatinus
480 636 604 700 nullam
628 636 684 701 alii
707 635 907 719 prebendam
931 635 1158 717 quoquomodo
1181 641 1350 700 vacantem

10 750 12 759 ·
70 739 230 821 integram
253 741 305 805 vel
328 742 505 824 dimidiam,
540 743 641 809 donec
673 741 819 825 prefatus
842 741 1011 826 H(erveus)
1038 741 1237 825 prebendam
1268 743 1349 806 inte-

70 866 160 926 gram
182 847 315 929 habeat,
341 850 508 930 assignare
527 870 705 933 presumas.
744 847 889 931 Quodsi
913 848 1158 931 presumpseris,
1183 868 1350 931 presump-

69 953 190 1017 tionem
214 959 306 1018 tuam
329 957 456 1020 noveris
482 956 593 1020 durius
617 955 814 1039 puniendam
838 959 870 1019 et
888 975 947 1019 nos
975 952 1097 1018 factum
1120 958 1212 1018 tuum
1240 977 1282 1018 au
1301 960 1349 1023 to-

69 1059 166 1124 ritate
190 1061 372 1143 apostolica
394 1064 523 1127 irritum
546 1063 676 1145 penitus
700 1060 903 1126 decernimus
923 1066 956 1125 et
973 1060 1079 1124 inane.
1118 1058 1212 1142 Quod
1236 1062 1262 1124 si
1286 1083 1350 1127 non

68 1173 259 1232 occurrente
283 1166 418 1232 dimidia
445 1171 605 1251 integram
633 1170 663 1233 ei
691 1167 890 1252 prebendam
914 1167 1102 1247 contuleriS,
1132 1167 1278 1231 volumus
1302 1173 1348 1248 ut,

68 1293 141 1336 cum
166 1272 208 1337 de
230 1275 358 1357 integra
389 1297 448 1358 per
480 1296 515 1340 se
545 1275 596 1340 vel
618 1296 677 1359 per
703 1275 929 1358 interpositam
956 1295 1142 1356 personam,
1176 1275 1203 1337 si
1231 1273 1348 1338 absens

67 1377 176 1461 fuerit,
201 1381 235 1443 in
258 1380 394 1445 tratrem
418 1387 451 1446 et
474 1383 664 1447 canonicum
688 1404 709 1446 a
727 1381 870 1464 capitulo
888 1386 1037 1465 receptus
1062 1379 1168 1461 fuerit,
1193 1380 1232 1444 de
1257 1380 1348 1443 dimi·

67 1486 131 1568 dia,
157 1508 257 1570 quam
280 1488 350 1580 ipse
374 1488 487 1569 habet,
522 1510 559 1554 eo
583 1489 682 1553 etiam
706 1489 855 1569 absente,
888 1493 1000 1552 nostra
1029 1485 1130 1551 fretus
1155 1487 1349 1551 auctoritate

66 1593 233 1676 disponas.
271 1591 306 1658 si
330 1616 429 1676 quam
452 1601 562 1659 autem
580 1595 780 1679 prebendam
802 1597 962 1676 integram
986 1593 1036 1657 vel
1060 1592 1236 1673 dimidiam,
1261 1599 1348 1676 post-

67 1721 166 1781 quam
189 1700 276 1764 idem
299 1700 471 1787 Hlerveus)
495 1703 634 1785 arripuit
660 1703 724 1767 iter
747 1700 789 1766 ad
812 1723 870 1766 nos
894 1699 1057 1780 veniendi,
1091 1699 1187 1762 alicui
1218 1699 1273 1762 alii
1297 1721 1347 1763 as-

66 1806 214 1887 signasti,
239 1807 325 1871 omni
349 1809 520 1874 occasione
544 1816 577 1874 et
595 1809 813 1892 appellatione
833 1812 991 1886 cessante,
1017 1805 1223 1870 donationem
1242 1805 1348 1887 ipsam

64 1913 98 1974 in
120 1913 251 1976 irritum
273 1934 425 1979 revocare
450 1922 483 1980 et
506 1916 610 1981 eidem
633 1915 785 2000 H(erveo)
812 1914 863 1978 vel
887 1913 939 1976 cui
970 1912 1173 1977 mandaverit
1199 1933 1263 1977 non
1287 1910 1346 1974 dif-

64 2017 151 2082 feras
176 2019 355 2102 assignare,
378 2021 497 2086 litteris
516 2023 635 2088 nostris
659 2045 723 2087 non
743 2020 959 2100 obstantibus
981 2019 1089 2100 sique
1109 2024 1185 2081 sunt
1202 2018 1252 2081 vel
1271 2022 1347 2082 etc.⁸

64 2124 222 2189 Nolumus
247 2126 343 2209 enim,
377 2129 464 2210 quod
488 2129 687 2210 constitutio,
721 2149 819 2210 quam
843 2127 876 2190 in
900 2123 1035 2190 concilio
1064 2122 1198 2187 fecimus
1205 2172 1213 2203 ,
1246 2124 1345 2206 impe-

64 2230 147 2312 diat,
182 2233 269 2315 quod
302 2254 322 2297 a
355 2234 448 2299 nobis
482 2242 558 2299 ante
591 2234 762 2300 concilium
801 2233 901 2296 fuisse
939 2231 1118 2296 dinoscitur
1149 2229 1344 2294 inchoatum.

64 2335 159 2418 Quod
184 2339 212 2402 si
235 2340 382 2424 precepti
405 2343 518 2423 nostri,
544 2341 631 2424 quod
654 2363 718 2406 non
742 2339 912 2420 credimus,
938 2344 1140 2420 contemptor
1167 2335 1266 2400 fueris
1290 2341 1347 2400 aut

63 2443 230 2526 negligens
255 2446 427 2512 exauditor
449 2448 627 2512 venerabili
650 2447 744 2512 tratri
767 2452 878 2511 nostro
902 2444 1090 2528 Wlillelmo)
1113 2443 1266 2508 Remensi
1295 2464 1345 2506 ar-

63 2549 280 2635 chiepiscopo,
305 2560 417 2618 sancte
441 2553 560 2618 Sabine
585 2553 752 2634 cardinali,
777 2551 955 2636 apostolice
985 2551 1070 2615 sedis
1100 2551 1223 2633 legato,
1256 2549 1344 2613 dedi-

61 2677 132 2720 mus
157 2657 192 2720 in
215 2658 389 2741 mandatis,
416 2665 453 2723 ut
471 2660 660 2732 mandatum
679 2665 826 2724 nostrum
846 2658 975 2723 sublato
995 2656 1223 2741 appellationis
1242 2677 1343 2720 reme-

62 2763 115 2828 dio
139 2766 337 2830 auctoritate
361 2764 463 2830 fretus
487 2766 667 2849 apostolica
689 2765 816 2849 plenius
841 2769 1030 2847 exequatur.

60 3067 142 3133 314.
167 3069 336 3130 Aeacide
357 3072 408 3130 ΙΙΙ
426 3072 532 3131 dcccco
555 3078 582 3131 et
600 3072 726 3147 capitulo
744 3072 886 3131 Meldeesi
903 3071 1034 3144 incedet,
1055 3076 1164 3143 cureat,
1182 3089 1219 3129 ue
1242 3089 1343 3129 eorum

175 3177 504 3253 animaduertere
526 3178 632 3237 Hercei
648 3178 846 3254 praebendum
868 3179 1011 3253 integrare
1033 3177 1157 3236 allerias
1181 3183 1298 3236 recuset.

380 3297 447 3368 Reg.
467 3297 547 3352 Alex.
567 3297 665 3369 fragm.
685 3315 727 3368 ep.
748 3296 826 3363 16,1.
846 3297 864 3351 l.
883 3297 930 3351 fol.
950 3296 1022 3351 ll2l⁸

152 3456 306 3521 Decanol
328 3462 361 3521 et
385 3457 526 3541 capitulo
545 3456 713 3522 Meldensi.
750 3457 930 3523 Maioribus
950 3457 1085 3522 ecclesie
1104 3457 1285 3522 redditibus
1308 3459 1501 3528 in1179ex.

63 3584 123 3626 sua
146 3558 339 3645 integri-tate⁴
357 3565 633 3649 permanentibus,
656 3565 824 3647 indignum
848 3569 898 3629 est
919 3563 1024 3647 valde,
1049 3570 1085 3628 ut
1107 3565 1247 3630 minores
1270 3587 1342 3649 pre·

61 3669 167 3734 bande
200 3670 360 3752 recipiant
387 3673 571 3737 sectionem.
618 3671 740 3737 Audito
774 3672 944 3754 siquidem,
975 3671 1062 3754 quod
1086 3671 1222 3735 dilectus
1255 3671 1341 3736 filius

60 3781 174 3841 noster
195 3775 365 3862 H(erveus)
397 3779 431 3840 in
464 3778 602 3842 ecclesia
628 3783 737 3842 vestra
765 3777 956 3860 aliquandiu
984 3779 1110 3844 curiose
1140 3780 1287 3843 servierit
1310 3785 1342 3844 et
1388 3851 1391 3855 ⁴

60 3903 127 3947 non
149 3881 213 3945 nisi
237 3882 405 3947 dimidiam
428 3873 626 3966 prebendam
654 3885 797 3968 potuerit
825 3884 985 3966 obtinere,
1010 3882 1103 3949 fratri
1127 3890 1237 3951 nostro
1261 3885 1340 3950 Mel·
1391 3913 1393 3917 ’

60 3987 153 4052 densi
178 3989 329 4073 episcopo
353 3989 499 4054 dedimus
522 3992 556 4053 in
575 3990 748 4072 mandatis
773 3998 933 4073 quatenus
953 4013 1027 4056 eam
1045 3991 1171 4075 prefato
1190 3990 1340 4077 H(erveo)

60 4100 192 4159 curaret
222 4096 476 4161 misericorditer
506 4097 679 4178 integrare.
734 4094 856 4161 Verum
889 4099 966 4180 quia
998 4098 1145 4180 quidam,
1163 4104 1164 4107 ’
1181 4098 1267 4181 quod
1300 4098 1340 4163 de

58 4198 296 4266 misericordia
312 4200 461 4283 facimm,
493 4203 680 4268 violentiam
703 4204 971 4287 interpretantur,
1005 4206 1209 4269 universitati
1232 4210 1339 4269 vestre

58 4329 118 4391 per
141 4307 320 4391 apostolica
353 4309 475 4391 scripta
507 4309 712 4391 mandamus,
747 4316 906 4392 quatenus
939 4312 1120 4395 predictum
1153 4312 1338 4395 episcopum

149 4491 162 4515 ⁸
179 4490 211 4551 cf.
230 4505 303 4550 supra
321 4506 372 4550 epp.
392 4488 444 4537 311
462 4499 484 4538 et
501 4489 556 4538 312
573 4493 598 4538 in
609 4493 667 4552 fiee.

150 4589 313 4646 ¹Michaeli.
343 4584 347 4590 ’
