3098 5056
236 251 297 312 172
617 264 806 318 Anaxanunl
824 276 861 316 111
878 276 1045 318 nrrsronan
1065 263 1116 317 298

59 423 213 483 1178-79
233 425 368 490 eandem
391 424 438 487 illi
461 422 681 507 praebendam
713 423 881 488 occasione
914 428 947 487 et
978 422 1198 506 appellatione
1225 423 1408 507 postposita
1437 444 1512 489 con-

69 513 191 572 bMffll·
233 530 375 611 ferretis,
408 536 595 613 preceptum
623 535 769 593 nostrum
796 529 927 592 minime
951 528 1167 612 adimplestis,
1192 529 1305 600 sedin
1328 531 1512 595 excusatio-

69 640 73 650 '
233 658 307 701 nem
330 642 472 700 vestram
495 636 716 716 asseverastis,
742 635 837 717 qnod,
863 656 1012 716 cumpro
1032 640 1149 718 nepote
1173 634 1282 699 dilecti
1305 634 1374 717 filii,
1399 635 1512 701 fratris

181 816 189 823 ,
232 743 270 807 F.
296 734 465 807 camerarii
495 742 610 823 nostri,
635 763 747 824 preces
770 742 985 824 porreximus,
1019 742 1052 805 in
1076 742 1193 807 litteris
1217 741 1338 806 eisdem
1361 744 1513 826 promisi-

233 871 314 930 mus,
340 848 435 931 quod,
461 849 488 912 si
511 870 569 913 nos
594 848 791 913 exaudiretis
814 848 848 911 in
872 848 940 911 eius
963 847 1159 930 receptione,
1182 869 1238 913 vos
1258 869 1356 930 super
1373 848 1513 932 preben-

234 955 283 1019 dis
307 954 507 1019 conferendis
532 955 662 1020 minime
686 955 821 1019 ulterius
845 974 1041 1036 cogeremus.
1087 952 1247 1035 Quoniam
1268 955 1370 1037 igitur
1392 955 1512 1039 imper-

186 1127 188 1131 ,
234 1060 353 1126 lectum
376 1061 516 1144 relinqui
539 1056 700 1142 nolumus,
724 1060 810 1143 quod
829 1082 888 1143 pro
908 1059 1020 1124 eodem
1035 1059 1088 1125 W.
1110 1060 1259 1125 duximus
1282 1060 1513 1142 inchoandum,

233 1167 404 1252 presertim
428 1189 501 1231 cum
525 1188 598 1231 eum
626 1174 659 1231 et
686 1167 855 1231 literature
884 1172 916 1230 et
944 1167 1197 1232 conversationis
1225 1187 1282 1231 sue
1310 1166 1448 1232 obtentu
1471 1168 1513 1232 ad

233 1274 449 1358 prescriptum
480 1272 673 1337 beneficium
705 1272 915 1344 obtinendum
947 1273 1027 1337 satis
1056 1273 1208 1338 idoneum
1235 1273 1425 1338 estimemns
1453 1295 1514 1339 nec

235 1386 347 1446 contra
378 1379 575 1463 promissum
605 1385 752 1444 nostrum
785 1379 934 1443 duximus
966 1380 1097 1444 levitate
1130 1379 1276 1463 qualibet
1307 1380 1513 1460 veniendum,

236 1487 422 1551 discretioni
440 1493 545 1551 vestre
563 1507 622 1569 per
641 1485 820 1569 apostolica
839 1486 960 1568 scripta
977 1486 1184 1569 precipiendo
1210 1486 1413 1569 mandamuS,
1434 1509 1514 1571 qua·

235 1594 342 1657 tinusl
365 1591 527 1675 prefatum
549 1592 602 1658 W.
628 1591 881 1657 contradictione
905 1597 938 1656 et
961 1592 1178 1676 appellatione
1202 1598 1348 1658 cessante
1375 1595 1514 1678 recipia-

234 1701 277 1764 tis
300 1699 334 1763 in
357 1698 504 1780 fratrem,
533 1700 746 1782 prescriptam
774 1698 803 1762 ei
826 1697 1024 1781 prebendam
1053 1698 1207 1765 dilatione
1230 1701 1415 1783 postposita
1439 1723 1513 1766 con-

235 1805 385 1886 ferentes,
409 1805 460 1869 vel
482 1805 609 1869 litteras
633 1804 786 1886 bullatas,
811 1826 891 1886 quas
915 1805 948 1869 in
972 1806 1212 1871 excusationem
1235 1812 1376 1871 vestram
1401 1807 1513 1872 obten-

237 1912 327 1993 ditis,
364 1910 542 1976 venerabili
574 1910 667 1975 fratri
699 1916 810 1976 nostro
841 1911 995 1983 Remensi
1032 1912 1272 1996 archiepiscopo
1280 1919 1302 1995 1,
1335 1914 1513 1996 apostolice

236 2018 321 2082 sedis
344 2017 466 2100 legato,
499 2038 572 2081 cum
599 2017 641 2080 ab
670 2038 707 2082 eo
731 2015 856 2081 fueritis
879 2019 1038 2100 requisiti,
1063 2019 1133 2083 sine
1157 2019 1413 2084 contradictione
1437 2042 1514 2103 qua-

235 2125 316 2188 libet
339 2125 518 2189 ostendatis
543 2124 646 2205 eique,
672 2123 699 2186 si
722 2123 901 2205 prescripte
924 2124 1032 2188 littere
1051 2123 1148 2188 huius
1170 2120 1349 2208 receptioni
1370 2148 1436 2191 non
1460 2127 1515 2193 ob-

236 2230 339 2312 viant,
371 2229 536 2294 humiliter
558 2229 711 2312 pareatis
739 2230 787 2293 ita
818 2230 903 2312 quod
927 2236 1147 2313 contemptum
1170 2231 1315 2296 mandati
1343 2233 1515 2316 apostolici

235 2338 358 2402 tociens
382 2336 503 2401 factum
527 2359 546 2401 a
569 2336 659 2401 vobis
683 2337 847 2418 requirere
872 2336 1050 2401 districtius
1074 2360 1138 2402 non
1163 2358 1323 2420 cogamur.

236 2817 323 2883 298.
347 2819 510 2878 Alexander
532 2819 584 2878 ΙΙΙ
606 2820 724 2878 cuidam
757 2820 1026 2878 archidiaconatum
1058 2820 1275 2880 Ooocalrcuccm
1302 2841 1336 2881 ac
1357 2824 1515 2900 priuilegia

346 2926 489 3002 quaedum
511 2927 623 2984 coemit.

341 3045 409 3116 Reg.
428 3044 508 3099 Alex.
528 3045 625 3116 fragm.
645 3062 687 3114 ep.
707 3046 732 3111 6,
750 3043 779 3098 in
798 3043 856 3099 cod.
877 3045 946 3100 0011.
964 3046 1092 3101 Trinitat.
1103 3044 1262 3117 Cantabrig.
1281 3046 1314 3100 R.
1326 3048 1350 3102 9.
1363 3049 1405 3102 17.

747 3151 768 3187 s.
788 3147 836 3187 ΧΠ
854 3133 900 3188 fol.
920 3134 993 3190 10912.

50 3325 215 3386 1178-79,
323 3310 538 3375 Sacrosancta
557 3316 616 3374 etc.
662 3309 853 3394 Specialiter
872 3317 981 3375 autem
1000 3311 1297 3377 archidiaconatum
1317 3311 1514 3379 Coventren-

235 3438 302 3482 sem
326 3439 400 3481 cum
423 3417 510 3482 omni
533 3417 719 3499 integritate
739 3439 799 3481 sua
821 3439 841 3481 a
859 3417 1036 3482 venerabili
1055 3417 1155 3482 fratre
1174 3424 1285 3483 nostro
1301 3417 1514 3485 Coventrensi

235 3525 405 3607 episcop02
428 3523 488 3587 tibi
512 3523 674 3605 collatum,
695 3523 779 3587 sicut
797 3524 934 3587 eundem
953 3528 1173 3589 antecessores
1194 3525 1243 3588 sui
1259 3546 1406 3607 unquam
1428 3527 1514 3590 inte·

234 3631 322 3714 grius
347 3636 379 3694 et
401 3629 535 3694 liberius
559 3629 771 3714 possederint,
797 3629 959 3694 devotioni
983 3635 1043 3692 etc.
1071 3629 1308 3695 confirmamus.
1354 3631 1515 3697 Preterea

233 3737 335 3801 libere
358 3736 419 3800 tibi
442 3736 549 3817 liceat,
574 3736 682 3800 sedem
707 3735 920 3819 apostolicam
948 3757 1045 3819 super
1072 3737 1159 3801 omni
1185 3737 1370 3819 gravamine
1399 3739 1513 3821 appel-

233 3843 311 3907 lare.
358 3842 496 3926 Insuper
520 3832 714 3907 arictoritate
743 3841 920 3925 apostolica
948 3862 1130 3922 censemus,
1163 3864 1204 3907 ne
1228 3844 1279 3907 cui
1307 3843 1418 3924 liceat,
1452 3844 1514 3908 tibi

233 3949 283 4014 vel
307 3930 432 4012 clericis
456 3949 520 4012 tuis
546 3950 730 4014 exactiones
758 3949 936 4030 imponere,
965 3968 1027 4029 que
1056 3950 1219 4014 canonicis
1246 3950 1380 4015 obvient
1406 3956 1512 4014 statu-

233 4056 290 4137 tis,
323 4076 428 4137 neque
460 4055 493 4117 in
526 4061 558 4118 te
586 4055 637 4119 vel
664 4055 798 4119 clericos
822 4060 894 4119 tuos
919 4053 1042 4136 absque
1066 4054 1238 4120 manifesta
1266 4060 1299 4120 et
1321 4056 1511 4120 rationabili

234 4184 333 4227 causa
356 4161 549 4225 sententiam
569 4161 822 4225 ecclesiasticam
845 4160 1059 4243 promulgare.

322 4381 334 4405 ⁸
352 4381 385 4426 cic
402 4379 507 4439 mpplccc'
524 4380 623 4426 codicis:
641 4377 665 4426 d.
685 4393 710 4425 v.
730 4393 754 4439 p.
774 4392 796 4426 a.
816 4392 834 4425 s.
854 4382 880 4441 Ῑ).
899 4392 933 4426 m.
952 4393 976 4440 q.

325 4497 506 4564 ¹Willelmo,
530 4497 575 4552 cui
596 4497 661 4552 inde
684 4514 701 4550 a
728 4496 773 4551 die
797 4498 830 4552 7?
843 4497 926 4552 Mart.
948 4499 1015 4553 1179
1039 4498 1139 4553 titulus
1167 4498 1338 4569 „presbyteri
1360 4499 1509 4556 cardinalis

236 4585 263 4642 S.
284 4586 421 4642 Sabinae“
441 4586 507 4640 addi
526 4586 603 4640 solet.
641 4585 682 4640 cf.
702 4603 787 4656 supra
805 4605 831 4657 p.
852 4587 903 4642 162
922 4592 978 4641 not.
999 4587 1023 4640 2.
1098 4587 1271 4643 ¹Richardo.
