3098 5056
490 277 626 333 Euenum
644 290 681 330 111
699 290 867 331 nrrsronnr
887 279 937 332 193
1309 266 1351 329 99

69 460 153 503 nem.
193 437 326 520 Quanto
349 437 488 521 amplius
508 436 597 501 beati
616 435 773 519 Stephani
797 438 967 503 ecelesiam
992 445 1024 503 et
1045 460 1201 523 personas
1225 448 1350 506 vestras
1371 444 1526 510 1145-46

71 545 248 628 diligimus,
272 551 366 609 tanta
389 544 492 626 magis
515 545 672 607 miramur
690 550 723 607 et
741 545 871 625 gravius
894 544 1037 626 ferimus,
1063 547 1090 610 si
1113 547 1192 628 quid
1216 569 1236 612 a
1258 548 1349 614 vobis
1385 535 1521 600 N0V·28·

70 651 122 717 uel
143 673 204 735 per
227 673 285 718 vos
309 657 422 717 contra
453 651 657 715 honestatem
689 658 831 716 vestram
863 651 985 716 factum
1014 673 1084 717 esse
1116 655 1348 737 cognoscimus.

72 757 301 842 Significatum
333 757 427 822 nobis
461 763 524 838 est,
558 757 645 840 quod
675 758 709 821 in
732 759 915 841 privilegio,
940 758 1027 840 quod
1054 780 1113 842 per
1135 761 1353 825 venerabilem

71 865 208 930 fratrem
232 865 435 949 Atmedeum)
467 862 717 946 Lugdunensem
750 865 1029 948 archiepiscopum
1060 866 1152 931 nobis
1185 869 1354 932 transmis-

73 982 162 1036 sum·
194 971 289 1037 vobis
319 970 453 1035 fecimus
485 971 646 1052 innovari,
679 992 802 1054 pascua
826 971 865 1035 de
888 970 1074 1054 Valeriam,
1103 995 1187 1055 quae
1210 976 1354 1058 religiosi

72 1078 190 1143 fratres
215 1078 319 1144 nostri
339 1076 511 1161 Speciosae
534 1077 648 1141 vallisl
671 1077 850 1160 possident,
875 1076 1058 1143 confirmari
1080 1078 1213 1146 fecistis.
1260 1081 1354 1164 Quod

72 1191 234 1268 quantum
267 1184 310 1248 sit
341 1183 460 1248 rationi
492 1184 691 1249 contrarium
716 1191 749 1248 et
771 1183 862 1249 vobis
895 1184 1114 1268 inhonestum,
1147 1187 1355 1269 prudentiam

71 1297 218 1356 vestram
236 1311 301 1356 non
320 1289 432 1354 debuit
449 1290 594 1355 latuisse.
628 1289 712 1372 Quia
735 1291 835 1372 igitur
854 1291 957 1355 nostri
976 1290 1075 1356 officii
1099 1299 1150 1357 est
1171 1294 1257 1358 male
1280 1299 1355 1359 acta

73 1398 248 1481 corrigere,
273 1395 409 1461 eandem
433 1395 710 1462 confirmationem
738 1403 772 1461 et
794 1398 1037 1481 inscriptionem
1060 1401 1254 1466 auctoritate
1278 1422 1354 1483 apo-

73 1505 190 1571 stolica
215 1524 408 1568 evacuamus
441 1509 474 1567 et
504 1503 631 1567 irritam
665 1524 735 1567 esse
759 1525 942 1585 censemus,
975 1526 1035 1587 per
1062 1507 1241 1589 apostolica
1264 1505 1354 1572 vobis

74 1612 199 1695 scripta
222 1610 473 1693 praecipientes,
507 1610 660 1692 quatinus
688 1610 891 1692 privilegium
918 1612 1025 1693 ipsum
1048 1613 1204 1695 proximis
1233 1614 1355 1677 octavis

72 1718 237 1802 paschae2
264 1715 357 1780 nobis
381 1717 553 1799 reportetis
582 1714 677 1779 etde
702 1717 924 1800 surreptioneb
951 1718 1185 1800 respondeatis.
1233 1720 1355 1784 Datum

72 1824 218 1890 Viterbii
241 1821 312 1886 ΠΠ
334 1821 501 1887 Kalendas
525 1822 725 1887 Decembris.

72 2095 159 2160 193.
189 2094 343 2170 diogenius
364 2093 416 2153 III
436 2093 590 2152 attonat-ts
613 2093 793 2152 Eamastbas
816 2094 1023 2154 salutationem
1046 2095 1171 2171 deamat,
1196 2098 1268 2173 quac
1289 2117 1357 2157 corio

189 2202 224 2260 B.
248 2199 390 2259 monacho
404 2199 620 2272 Moissiaceasi,
645 2200 680 2258 ob
694 2200 824 2260 Atbcruito
849 2201 978 2260 Ostiensi
996 2204 1255 2277 maronicum,
1279 2223 1356 2263 cooa-

189 2306 410 2366 maao'coocrc'at.
447 2306 599 2379 Hortatur,
622 2312 657 2364 at
679 2307 808 2366 abbatem
831 2291 944 2383 elbam.

264 2425 336 2480 Bibl.
355 2431 413 2480 nat.
432 2425 520 2480 Paris.
540 2425 610 2480 Ooll.
630 2426 705 2480 Doat
725 2426 775 2479 128
794 2426 840 2480 fol.
859 2427 924 2481 229¹)
943 2444 1030 2481 manu
1048 2445 1070 2482 s.
1088 2441 1167 2482 xvn.

166 2568 332 2650 Eugenius
357 2568 526 2651 episcopus
551 2589 661 2631 servus
686 2588 851 2631 servorum
874 2566 937 2632 Dei
960 2570 1126 2633 monachis
1150 2569 1355 2636 Exiensibus.
1395 2585 1480 2645 1146

75 2674 173 2758 Quod
197 2684 270 2739 vose
303 2674 342 2738 de
369 2673 459 2738 beati
483 2673 573 2739 Petri
596 2679 629 2737 et
651 2679 763 2738 nostra
786 2675 893 2756 gratia
920 2677 1052 2740 minime
1077 2676 1270 2760 salutamus,
1302 2700 1356 2743 ne·
1375 2675 1501 2736 Mamss·

74 2802 244 2866 quaquam
268 2786 398 2846 nostrae
423 2781 589 2850 ,seueritati
613 2779 670 2844 sed
692 2781 950 2863 praesumptioni
972 2788 1099 2846 vestrae
1126 2784 1234 2865 potius
1259 2784 1357 2869 depu-

75 2889 164 2952 tetis.
204 2886 296 2952 Siout
319 2887 405 2951 enim
428 2886 623 2951 venerabilis
647 2885 757 2950 fratris
789 2888 891 2951 nostri
919 2887 1085 2972 A(lberioi)
1109 2887 1268 2954 Ostiensis
1292 2893 1357 2974 epi·

76 2994 169 3077 scopi
193 2995 403 3058 attestatione
427 2999 460 3057 et
486 2993 624 3057 fratrum
647 2994 871 3059 Moisiacensis
898 2995 1085 3058 monasterii
1117 2997 1274 3062 relatione
1307 3021 1357 3064 co·

76 3102 257 3183 gnovimns,
281 3099 431 3164 Exiensis
451 3099 588 3164 ecclesia
607 3122 646 3164 ex
665 3099 749 3164 dono
763 3105 796 3163 et
814 3101 1019 3165 concessione
1033 3100 1255 3168 Romanorum
1278 3126 1356 3186 pon-

77 3205 205 3270 tificum
228 3207 378 3288 regimini
402 3212 435 3270 et
458 3205 653 3272 ordinationi
677 3204 899 3270 Cluniacensis
927 3208 1115 3271 monasterii
1144 3209 1275 3274 subdita
1299 3217 1357 3293 est,

78 3333 139 3376 nec
164 3311 287 3393 absque
311 3310 532 3377 Cluniacensis
560 3312 690 3377 abbatis
720 3311 923 3395 providentia
951 3317 984 3374 et
1010 3314 1144 3378 consilio
1172 3315 1275 3380 abbas
1298 3317 1358 3381 ibi-

79 3418 155 3483 dem
180 3423 229 3482 est
251 3418 431 3500 eligendus3
456 3440 520 3500 quo
545 3425 667 3501 contra,
692 3419 776 3482 sicut
798 3417 972 3483 eorundem
996 3417 1133 3483 fratrum
1158 3425 1359 3503 querimonia

79 3525 262 3606 didicimus,
286 3525 463 3590 monachus
482 3525 615 3607 quidam
633 3524 671 3589 B.
696 3526 834 3606 nomine,
858 3524 1022 3606 professus
1041 3526 1273 3609 Moysiacensis
1291 3551 1358 3594 mo-

79 3631 226 3712 nasterii,
251 3651 309 3713 per
327 3631 531 3712 quorundam
550 3632 771 3714 insipientium
789 3631 979 3696 electionem
999 3653 1115 3696 nomen
1134 3632 1264 3698 abbatis
1284 3634 1358 3698 sub·

78 3735 216 3801 nititurd
239 3758 397 3821 usurpare
420 3744 454 3802 et
475 3738 649 3802 Exiensem
673 3738 843 3802 ecclesiam
873 3759 893 3801 a
917 3738 1114 3803 subiectione
1138 3737 1358 3805 Cluniacensis

80 3843 271 3907 monasterii
295 3849 327 3906 et
349 3843 581 3927 Moysiacensis
605 3845 734 3909 omnino
760 3843 960 3908 subtrahere.
999 3843 1092 3909 Unde
1117 3895 1345 3910 .....
1348 3856 1360 3886 ⁸

80 3949 309 4014 contemnuntf
329 3949 370 4014 ab
395 3949 508 4015 eodem
531 3950 632 4015 fratre
655 3956 766 4016 nostro
787 3949 930 4015 Ostiensi
953 3951 1104 4034 episcopo
1129 3957 1161 4016 et
1184 3952 1359 4016 abbatibus

81 4056 160 4136 suiS,
180 4053 385 4120 Oluniacensi
403 4056 554 4123 videlicet
572 4063 604 4121 et
620 4057 844 4140 Moysiacensi,
866 4058 1205 4123 excommunicationis
1225 4063 1275 4121 est
1292 4059 1360 4121 vin·

81 4162 155 4226 culo
183 4160 367 4226 innodatus.
409 4162 476 4229 Vos
500 4169 609 4227 autem
634 4161 737 4226 eidem
762 4164 1048 4244 excommunicato,
1081 4169 1178 4246 prout
1200 4163 1294 4229 nobis
1319 4166 1360 4228 si-

81 4266 271 4350 gnificatum
294 4272 353 4350 est,
378 4270 616 4335 communicare
639 4269 846 4351 praesumitis
867 4274 964 4351 atque
984 4270 1084 4353 ipsius
1104 4271 1360 4335 excommunica-

171 4433 184 4458 ⁸
201 4431 347 4480 transmisso
365 4449 384 4481 c.
458 4428 640 4481 bsurrectione
658 4449 677 4481 c.
750 4435 823 4480 cnos
842 4450 861 4482 c.
935 4429 1130 4481 dsubnituntur
1148 4450 1167 4482 o.
1247 4436 1362 4482 ‘barna

81 4523 106 4568 in
125 4522 178 4570 cod.
252 4514 312 4568 ‘stc
329 4524 415 4582 seipsi
426 4538 473 4583 pro
492 4524 651 4570 contemnent
669 4523 720 4570 cod.

175 4624 185 4654 ¹
203 4622 499 4691 seuBellae-vallis,cf.
510 4623 544 4679 G.
553 4623 617 4678 Chr.
627 4623 693 4678 XV.
705 4623 764 4677 239.
810 4623 821 4652 ²
839 4628 889 4677 aut
899 4623 999 4694 7.Apr.
1011 4624 1079 4678 1146
1092 4629 1142 4677 aut
1151 4624 1193 4677 27.
1203 4624 1270 4695 Apr.
1283 4626 1360 4678 1147.

1112 4711 1147 4765 7*
