3098 5056
456 252 622 343 Humum
640 267 674 308 1v
697 256 935 310 001000010234
1270 241 1331 302 129

57 414 122 478 lum
154 435 176 478 a
208 413 304 479 nobis
335 434 526 497 responsum
558 420 633 478 ante
670 414 872 497 praedictum
904 415 1078 478 terminum
1110 414 1331 496 reportabunt.
1354 416 1508 475 1157-58

58 519 125 584 'lbra
149 540 228 602 ergo
250 519 400 584 intererit
430 520 464 582 in
496 520 671 585 constituto
703 521 847 604 ipsorum
880 542 978 603 super
1010 520 1123 584 eadem
1151 542 1250 585 causa
1276 542 1335 603 per
1361 505 1440 581 Aug·
1455 505 1504 563 12·

58 633 87 690 te
108 626 162 692 vel
184 646 245 710 per
268 625 488 709 responsalem
510 630 613 708 tuum,
637 633 843 709 recepturum
867 633 899 690 01
923 627 1142 691 exhibiturum
1164 627 1333 709 iustitiam,

57 738 167 798 nostro
190 737 225 797 te
249 733 437 816 conspectui
459 739 657 814 presentare.
703 733 825 798 Datum
848 732 987 798 Viterbii
1010 733 1045 797 H
1067 733 1146 798 Idus
1168 733 1335 816 Augusti.1

54 1179 145 1246 234.
168 1181 344 1240 Hadrianus
353 1179 404 1239 IV
420 1181 582 1256 capitulum
599 1181 743 1240 Meldeuse
764 1188 914 1240 00000100
930 1182 1128 1257 praebendum
1150 1181 1265 1240 cuilibet
1286 1200 1334 1239 os·
1432 1165 1433 1168 ¹

168 1289 286 1364 0000νο
306 1293 388 1359 octat,
411 1293 568 1364 0101000001
590 1288 732 1347 dimidiae
749 1289 929 1364 praebendae
951 1289 1108 1364 1010ον0100
1130 1289 1199 1347 mut.

164 1425 234 1496 Reg.
247 1423 327 1479 Alex.
345 1423 443 1494 fragm.
462 1440 504 1495 ep.
520 1424 553 1477 12
571 1424 599 1478 10
619 1424 679 1479 cod.
693 1424 764 1479 Coll.
782 1424 909 1480 Trinitat.
925 1423 1162 1495 Cantabrig.R.9.
1175 1427 1216 1479 17.

553 1530 623 1568 saec.
642 1527 691 1567 ΧΠ
709 1514 756 1568 fol.
776 1516 835 1568 111.

146 1708 332 1772 Adrianns²
354 1709 523 1791 episcopus
547 1730 658 1775 servus
682 1731 847 1776 servorum
860 1709 923 1773 Dei
942 1709 1069 1773 dilectis
1088 1707 1165 1773 filiis
1184 1709 1334 1774 universo
1354 1721 1519 1780 1154-59.

58 1815 201 1898 capitulo
224 1815 399 1879 Meldensis
422 1815 599 1880 aecclesiae
623 1817 760 1881 salutem
784 1823 817 1881 et
834 1815 1048 1899 apostolicam
1065 1815 1332 1881 benedictionem.

57 1921 108 1985 Ex
132 1928 282 2005 suscepte
306 1921 555 2004 dispensationis
579 1921 685 1988 officio
709 1929 741 1986 et
764 1944 842 1986 cura
866 1922 1088 2005 compellimur
1116 1928 1148 1986 01
1176 1921 1333 2005 pastorali

57 2028 274 2094 sollicitudine
297 2050 522 2111 provocamur,
554 2029 596 2093 ad
626 2030 810 2094 universnm
838 2050 955 2112 corpus
979 2029 1112 2093 ecclesie
1135 2029 1182 2093 ita
1205 2030 1333 2095 oculum

55 2134 233 2219 apostolice
256 2134 524 2200 considerationis
548 2135 748 2217 extenderel,
773 2141 810 2199 01
833 2157 882 2217 ea,
907 2156 969 2217 que
997 2137 1030 2199 in
1054 2135 1147 2201 domo
1171 2135 1234 2200 Dei
1256 2137 1334 2200 irre-

57 2242 214 2324 gulariter
237 2247 313 2305 sunt
336 2247 369 2305 01
391 2242 497 2305 minus
520 2241 759 2307 rationabiliter
780 2243 941 2323 instituta,
973 2243 1132 2324 corrigere
1161 2243 1335 2307 debeamus

58 2355 89 2413 ct
112 2348 155 2413 ad
180 2353 302 2412 statum
324 2347 527 2412 rectitudinis
551 2369 713 2413 revocare.
760 2348 912 2413 Pervenit
935 2356 1044 2413 autem
1072 2349 1115 2412 ad
1138 2349 1336 2412 audientiam

57 2462 214 2535 nostram,
247 2453 405 2535 quosdam
437 2455 470 2516 in
494 2453 653 2519 Meldensi
677 2455 813 2520 ecclesia
837 2457 1008 2521 canonicos
1033 2475 1118 2537 esse,
1147 2454 1264 2537 quibus
1289 2454 1335 2517 di-

56 2562 155 2626 midie
178 2560 342 2644 prebende
373 2566 501 2625 tantum
534 2567 610 2625 0001
633 2562 811 2643 assignate,
844 2563 930 2626 unde
961 2584 1025 2627 non
1059 2562 1104 2626 cis
1138 2560 1336 2649 sufficienter

56 2674 195 2751 possunt
217 2667 401 2732 necessaria
433 2669 575 2750 corporis
608 2673 640 2732 01
667 2669 732 2731 vite
755 2667 902 2732 subsidia
925 2669 1113 2732 ministrari.
1160 2667 1226 2733 Nos
1249 2689 1335 2748 vcro,

57 2776 213 2858 quoniam
235 2775 394 2839 universis
418 2772 538 2839 Christi
565 2774 715 2838 fidelibus
747 2780 779 2838 01
808 2775 980 2857 presertim
1008 2776 1085 2838 viris
1109 2775 1336 2839 ecclesiasticis

57 2883 89 2946 in
113 2883 183 2946 suis
208 2880 482 2964 oportunitatibus
506 2903 545 2944 ex
568 2882 712 2946 iniuncto
736 2880 829 2945 nobis
853 2879 959 2961 officio
983 2880 1204 2963 compellimur
1231 2879 1336 2962 provi-

57 2989 145 3070 dere,
171 2993 204 3052 et
227 3008 289 3069 que
312 2987 345 3051 in
365 2988 523 3051 aecclesia
536 2987 598 3052 Dei
617 2988 724 3051 minus
742 2986 981 3052 rationabiliter
1000 2986 1149 3052 ordinata
1168 2992 1253 3066 sunt,
1277 3006 1335 3049 nos

59 3095 210 3160 convenit
233 3093 392 3175 ordinare,
416 3095 615 3177 presentium
639 3095 833 3159 auctoritate
863 3094 1073 3176 precipimus,
1104 3098 1141 3158 01
1163 3091 1335 3174 prebende,

59 3222 122 3283 que
147 3199 187 3264 de
211 3194 319 3265 cetero
342 3201 376 3263 in
399 3200 536 3264 ecclesia
558 3201 629 3283 ipsa
646 3201 841 3281 vacaverint,
865 3203 945 3283 ipsis
969 3199 1141 3280 canonicis,
1166 3199 1222 3280 qui
1245 3197 1335 3260 ‹limi-

60 3308 130 3372 dias
155 3312 283 3371 tantum
306 3306 496 3389 prebendae,
520 3308 604 3370 sicut
623 3307 772 3389 diximuS,
796 3306 917 3371 habere
935 3311 1122 3386 noscuntur,
1147 3306 1214 3368 0100
1238 3305 1335 3367 inter-

59 3417 212 3497 ruptione
234 3415 268 3477 10
290 3413 452 3496 integrum
476 3415 681 3496 assignentur
712 3420 744 3477 et
766 3415 851 3477 inter
881 3435 935 3478 000
960 3412 1118 3495 equaliter
1141 3410 1335 3490 dividantur,

61 3540 231 3602 quousque
253 3540 364 3584 omnes
387 3519 568 3602 prebendas
593 3520 764 3602 contigerit
786 3520 950 3607 integrari.
983 3517 1197 3582 Prohibemus
1217 3521 1335 3597 autem,

62 3633 98 3690 ut
121 3647 183 3690 nec
205 3646 260 3690 vos
284 3646 344 3690 neo
362 3625 505 3690 eiusdem
523 3626 586 3690 loci
606 3627 785 3709 episcopus,
813 3647 980 3708 quousque
999 3625 1068 3707 ipse
1086 3621 1250 3705 prebende
1268 3620 1336 3685 firc-

62 3734 129 3796 rint
159 3733 337 3813 integrate,
375 3738 542 3796 vacantem
579 3732 722 3814 aliquam
758 3731 955 3815 prebendam
992 3729 1125 3793 cuilibet
1161 3728 1336 3794 concedere

62 3839 269 3921 presumatis.
320 3836 413 3919 Quod
437 3839 465 3902 si
488 3838 609 3902 factum
632 3837 740 3920 fuerit,
772 3860 828 3904 vos
857 3859 1025 3902 assensum
1052 3835 1235 3899 nullatenus
1264 3853 1334 3916 pre-

63 3945 179 4010 beatis.-

150 4131 163 4156 ·
182 4125 326 4175 exstendere
344 4143 364 4175 c.

152 4229 163 4260 ¹
181 4227 262 4282 Haec
276 4227 392 4299 epistola
402 4235 466 4299 post
479 4247 550 4297 eam,
568 4247 639 4301 quae
651 4228 799 4300 praecedit,
817 4227 920 4299 scripta
931 4226 1048 4281 videtur.
1076 4223 1336 4294 Pflugk-Harttung

66 4334 124 4371 eam
142 4334 168 4371 a.
188 4319 258 4371 1155
277 4318 397 4373 ascribit.
488 4319 727 4389 211010101011000
745 4317 825 4388 quasi
842 4316 956 4370 initium
975 4321 1017 4369 est
1034 4311 1234 4368 controversiae
1252 4327 1335 4380 super

67 4404 223 4475 praebenda
230 4405 335 4461 Hervei
347 4407 471 4462 canonici
484 4413 569 4475 ortae,
582 4424 653 4478 quac
665 4407 695 4461 in
710 4409 742 4461 15
753 4405 875 4476 epistolis
885 4402 1039 4458 Alexandri
1051 4402 1106 4467 III,
1117 4400 1189 4454 infra
1202 4417 1262 4471 epp.
1273 4400 1333 4466 311,

68 4495 123 4561 312,
136 4496 198 4562 313,
209 4495 270 4562 314,
288 4501 340 4550 001.
362 4496 539 4552 vehementer
556 4496 691 4567 agitatum
717 4512 774 4549 non
792 4499 835 4549 est
852 4493 955 4546 mirum
975 4491 1067 4562 igitur,
1087 4507 1148 4545 eam
1166 4489 1196 4543 10
1214 4487 1335 4559 Registri

68 4582 247 4639 Alexandrini
264 4583 419 4655 fragmento
438 4591 554 4640 exstare.

116 4693 299 4739 mmmm,
318 4693 390 4744 Epist.
406 4694 471 4734 Pont.
486 4693 550 4734 Rom.
680 4736 689 4749 =
1107 4667 1123 4722 9
