3098 5056
449 295 627 351 Onuunurrs
645 310 682 349 111
700 307 868 350 1111111111
887 295 937 349 391
1266 278 1330 341 239

49 456 266 541 apostolicam
288 456 555 521 benedictionem.
602 455 723 520 Dilecti
745 453 804 518 filii
826 455 930 519 nostri
953 454 1076 519 abbas1
1099 459 1132 519 et
1155 453 1273 519 fratres
1296 453 1329 519 S.
1381 453 1467 513 1188

32 563 200 629 ·Ghisleni
227 563 422 627 transmissa
445 563 538 627 nobis
562 563 793 645 conquestione
825 566 1097 642 monstraverunt,
1129 560 1226 643 quod,
1258 582 1331 626 cum
1348 543 1433 602 Febr·
1446 543 1497 602 23·

52 671 189 736 eeclesia
213 691 326 735 eorum
350 690 389 733 ex
411 669 582 752 largitione
601 669 835 752 imperatorum
855 674 888 733 et
905 689 1018 751 regum
1044 668 1246 761 precinctum
1268 668 1332 733 loci

54 776 223 842 cuiusdam
247 798 267 840 a
289 775 421 840 flumine
444 774 566 840 Wamii
588 796 693 857 usque
723 775 766 839 ad
788 774 969 857 fluviolum,
998 775 1055 857 qui
1077 774 1231 839 Haneton
1254 775 1331 838 dici-

55 890 116 966 tur,
138 885 174 947 in
198 883 268 966 giro
287 903 391 965 usque
410 882 453 946 ad
471 903 602 965 aquam,
627 902 711 964 quae
729 881 839 946 Haina
857 886 1002 963 vocatur,
1026 881 1112 946 sicut
1133 886 1203 945 tam
1225 882 1260 944 in
1284 902 1332 945 se·

57 991 102 1055 dis
134 989 336 1073 apostolicae
369 1010 468 1071 quam
499 989 534 1051 in
570 988 788 1071 imperatoriis
825 988 1002 1072 privilegiis
1045 988 1242 1069 continetur,
1277 987 1333 1050 diu

56 1096 270 1181 possederunt
299 1097 502 1176 inconcusse,
532 1096 650 1160 nobilis
678 1095 796 1159 mulier
818 1095 974 1180 B(eatrix)
1005 1094 1044 1159 de
1067 1094 1196 1159 Boussu
1218 1097 1333 1158 contra

56 1203 223 1288 privilegia
245 1203 319 1285 ipsa
340 1203 472 1268 veniens
497 1201 658 1284 quaedam
680 1202 715 1264 in
738 1202 939 1284 praescripto
962 1202 1033 1267 loco
1058 1200 1120 1265 sibi
1148 1206 1262 1265 contra
1283 1200 1332 1264 iu·

57 1312 178 1375 stitiam
206 1308 380 1374 vendicare
406 1309 596 1392 praesumit.
643 1308 696 1372 Ad
723 1308 804 1372 haec
833 1330 907 1372 cum
930 1307 970 1373 G.
1000 1306 1165 1389 quondam
1190 1308 1240 1370 vir
1263 1308 1332 1371 eius

10 1398 12 1405 Ι
56 1419 86 1482 in
107 1423 202 1481 curte
227 1437 296 1496 sua,
316 1436 401 1497 quae
422 1416 457 1478 in
475 1415 630 1498 parochia
648 1414 890 1498 praedictorum
909 1414 1047 1479 fratrum
1067 1414 1225 1495 consistit,
1245 1413 1332 1478 aedi-

57 1523 184 1588 ficasset
208 1522 368 1605 capellam
392 1527 425 1586 et
448 1543 584 1587 assensu
608 1521 737 1586 abbatis
762 1527 794 1585 et
817 1520 955 1585 fratrum
978 1523 1123 1604 ipsorum
1147 1541 1206 1603 per
1228 1520 1333 1585 bonae

56 1630 230 1695 memoriae
262 1627 453 1694 Samsonem
482 1628 677 1693 Remensem
711 1627 874 1709 quondam
907 1627 1186 1711 archiepiscopum
1217 1625 1334 1690 fuisset

56 1739 82 1801 ei
99 1735 315 1820 cappellanus
334 1755 516 1816 concessus,
537 1733 721 1799 conditione
739 1733 799 1798 tali
823 1734 961 1815 adiecta,
980 1733 1132 1798 videlicet
1155 1732 1242 1816 quod
1258 1754 1333 1797 con-

55 1849 102 1907 tra
125 1840 382 1926 prohibitionem
404 1841 564 1924 praedicti
588 1840 718 1906 abbatis
743 1840 852 1905 divina
870 1842 903 1904 in
923 1862 962 1905 ea
984 1863 1050 1906 non
1069 1839 1203 1905 deberet
1227 1837 1334 1904 officia

54 1948 235 2029 celebrare,
268 1948 384 2012 mulier
413 1947 563 2030 praefata
592 1953 706 2012 contra
733 1946 794 2011 hoc
821 1948 930 2011 venire
954 1970 1019 2012 non
1042 1947 1195 2011 dubitans
1224 1946 1258 2009 in
1282 1967 1333 2009 ca-

53 2056 139 2139 pella
162 2055 236 2137 ipsa
259 2053 451 2136 prohibente
477 2053 596 2118 abbate
615 2053 724 2117 divina
742 2052 822 2117 facit
841 2052 949 2117 officia
968 2052 1135 2118 celebrari.
1174 2051 1255 2117 Cum
1273 2052 1333 2116 ita-

55 2183 114 2244 que
139 2160 229 2226 sedis
253 2160 452 2242 apostolicae
479 2161 649 2243 privilegia
677 2165 869 2244 perpetuam
895 2167 1007 2224 tenere
1036 2159 1176 2224 debeant
1199 2157 1334 2223 firmita-

53 2274 128 2349 tem,
160 2266 307 2332 volentes
340 2266 494 2331 abbatem
524 2268 631 2350 ipsum
655 2272 688 2330 et
715 2266 833 2330 fratres
861 2266 895 2329 in
919 2287 978 2330 sua
1000 2267 1131 2330 iusticia
1154 2266 1333 2347 confovere,

54 2373 244 2438 discretioni
266 2378 393 2437 vestrae
412 2394 471 2456 per
490 2373 670 2456 apostolica
689 2374 811 2455 scripta
830 2372 1032 2454 mandamus,
1057 2379 1218 2454 quatenus
1241 2393 1334 2455 prae-

54 2479 158 2544 latam
189 2478 358 2544 mulierem
382 2481 424 2545 ab
447 2479 595 2544 indebita
626 2479 756 2556 abbatis
787 2485 820 2543 et
849 2477 986 2564 fratrum
1015 2501 1113 2564 super
1140 2479 1220 2560 hiis,
1251 2499 1334 2561 quae

54 2585 287 2670 praediximus,
312 2591 344 2650 et
368 2586 440 2650 aliis
460 2587 631 2651 vexatione
656 2585 823 2666 desistere,
848 2607 906 2668 per
929 2585 1165 2651 districtionem
1184 2585 1334 2650 ecclesia-

54 2695 171 2758 sticam
196 2690 325 2757 sublato
348 2693 576 2776 appellationis
605 2691 736 2774 diffugio
761 2692 977 2775 compellatis,
1011 2693 1108 2757 nullis
1135 2693 1255 2759 litteris
1279 2693 1335 2757 ob-

55 2797 231 2880 stantibus,
256 2799 284 2862 si
307 2820 391 2881 quae
415 2800 626 2883 apparuerint
653 2798 715 2862 hiis
746 2800 857 2863 tacitis
890 2820 910 2862 a
933 2800 1009 2864 sede
1033 2799 1213 2883 apostolica
1235 2800 1335 2882 impe-

55 2911 172 2970 tratae.
221 2903 315 2986 Quod
340 2907 367 2969 si
391 2928 502 2971 omnes
525 2906 587 2970 hiis
613 2904 810 2988 exequendis
835 2907 1045 2988 nequiveritis
1068 2907 1240 2987 interesse,
1272 2905 1335 2970 duo

57 3018 201 3076 vestrum
225 3032 264 3076 ca
286 3011 495 3077 nihilominus
520 3019 732 3095 exequantur.
779 3012 903 3076 Datum
926 3011 1085 3076 Laterani
1106 3011 1160 3076 ΠΙ
1175 3011 1334 3076 Calendas

58 3117 178 3200 Martii,
202 3117 412 3201 pontificatus
435 3120 540 3184 nostri
564 3141 649 3184 anno
672 3120 787 3203 primo.

59 3369 138 3436 391.
166 3371 303 3431 ornnem
325 3372 376 3431 III
393 3373 470 3431 later
492 3374 709 3432 marasterieua
735 3372 765 3432 S.
793 3372 910 3431 Gisleac'
928 3378 953 3431 ct
976 3372 1138 3430 Beatrc'ccm
1161 3372 1195 3430 de
1216 3372 1338 3430 Boassa

167 3485 267 3538 uctwm
289 3497 309 3538 1
325 3480 459 3553 &locutis
482 3480 650 3554 apostolicis
677 3498 765 3555 saper
787 3479 1028 3554 possessionibus
1051 3478 1230 3556 quibasdam
1259 3479 1337 3538 arbi·

167 3585 262 3663 tritum
278 3585 392 3660 probas

234 3686 305 3742 Bibl.
324 3686 487 3742 natParis.
506 3705 558 3756 ms.
577 3687 626 3742 lat.
648 3687 742 3742 12674.
768 3688 815 3742 fol.
836 3687 909 3742 211b.
937 3704 1024 3742 manu
1043 3705 1064 3741 s.
1083 3699 1162 3742 xvn.

144 3828 295 3894 Clemens
328 3830 498 3913 episcopus
530 3851 641 3894 servus
675 3852 840 3895 servorum
862 3829 925 3895 Dei
949 3830 1076 3894 dilectis
1104 3828 1180 3893 filiis
1205 3828 1337 3894 abbati2
1378 3841 1463 3920 1188

10 3966 12 3987 ι
61 3941 90 3999 et
112 3935 287 4002 conventui
310 3934 421 4000 Sancti
445 3934 593 4001 Ghisleni
617 3936 757 4001 salutem
782 3943 815 4001 et
834 3937 1047 4020 apostolicam
1066 3936 1334 4001 benedictionem.
1354 3932 1421 3991 Iun·
1435 3931 1485 3989 15·

59 4040 114 4125 Ea,
136 4062 223 4125 quac
237 4063 258 4106 a
272 4040 365 4106 nobis
384 4043 511 4107 ratione
530 4044 662 4126 praevia
682 4049 887 4126 expetuntur,
907 4043 1015 4107 animo
1033 4065 1091 4108 nos
1111 4043 1205 4107 decet
1223 4041 1338 4106 libenti

58 4148 235 4217 concedere
259 4153 292 4212 et
314 4146 431 4213 effectu
447 4155 665 4233 prosequente
684 4151 855 4233 complere.
889 4148 970 4213 Cum
988 4151 1100 4232 itaque
1120 4170 1228 4229 causa,
1254 4169 1338 4231 quae
1402 4172 1406 4178 ·

57 4255 142 4320 inter
166 4254 338 4320 ecclesiam
361 4262 504 4320 vestram
528 4261 561 4319 et
583 4254 726 4320 nobilem
745 4257 914 4320 mulierem
927 4255 1134 4340 B(eatricem)
1154 4254 1193 4319 de
1210 4255 1339 4320 Boussu

57 4383 156 4446 super
188 4360 384 4443 quibusdam
411 4348 527 4444 terris,
560 4362 756 4444 redditibus,
787 4362 973 4428 hominibus
1002 4367 1035 4426 et
1058 4362 1152 4443 aquis
1179 4361 1338 4426 hactenus

56 4465 261 4549 vertebatur,
291 4489 350 4551 per
383 4468 549 4551 delegatos
580 4469 704 4533 iudices
728 4490 768 4532 ex
792 4468 995 4550 delegatione
1025 4467 1111 4531 sedis
1140 4468 1339 4551 apostolicae

147 4626 352 4683 ²Lambertus.
427 4629 613 4684 ²Lamberto.
