3098 5056
451 271 642 322 Auuxunnnr
660 283 697 322 111
717 282 884 322 1111010110
903 270 953 322 271
1280 255 1341 316 155

65 435 97 492 et
121 427 335 511 suffraganeis
359 429 427 493 eius
450 435 483 492 01
507 429 632 494 dilectis
655 428 731 492 filiis
755 429 946 511 abbatibus,
976 431 1171 512 praepositis
1196 436 1228 493 et
1251 429 1343 494 deca·
1382 430 1466 489 1178

64 536 115 599 nis
137 556 198 618 per
221 557 332 600 eorum
356 537 560 618 episcopatus
585 536 770 601 constitutis
794 536 933 599 salutem
957 543 990 600 et
1013 537 1225 619 apostolicam
1247 537 1343 600 bene·
1362 519 1485 579 M³l3⁰·

65 641 250 706 dictionem.
298 641 459 730 Quoniam
491 643 524 705 in
557 664 635 724 agro
659 642 803 722 Domini,
837 643 892 724 qui
926 650 976 706 est
1005 644 1155 723 ecclesia,
1188 648 1345 725 tanquam

65 751 179 833 spinae
203 771 241 813 ac
264 749 377 813 tribuli
408 753 586 813 nascuntur
618 749 736 814 cotidie
768 754 800 812 et
827 749 990 831 pullulant
1011 753 1157 833 germina
1179 752 1344 832 viciorum,

64 863 134 920 tum
158 855 310 920 videlicet
332 856 409 937 quia
431 856 525 938 proni
549 861 625 919 sunt
648 876 761 919 sensus
789 856 928 920 hominis
957 856 998 921 ad
1025 857 1147 921 malum
1172 858 1213 921 ab
1238 858 1345 923 adole-

66 963 191 1027 scentia
215 984 283 1043 sua,
307 969 377 1026 tum
400 963 477 1043 quia
499 962 648 1025 inimicus
672 961 768 1026 homo
789 961 828 1026 de
851 962 982 1027 malicia
1000 985 1060 1027 sua
1084 964 1208 1027 zizania
1235 985 1345 1047 super-

67 1070 227 1134 seminare
259 1091 323 1134 uon
355 1074 462 1133 cessat
493 1074 526 1132 et
550 1089 688 1150 germen
711 1068 832 1134 bonum
863 1070 979 1133 nititur
1010 1069 1181 1151 suffocare,
1215 1092 1346 1135 necesse

66 1184 124 1258 est,
150 1176 356 1257 diligenciam
375 1174 488 1240 adesse
517 1175 686 1255 cultorum,
714 1180 747 1238 et
769 1196 853 1238 nunc
877 1176 1013 1241 evellere
1033 1183 1065 1240 et
1088 1183 1258 1260 amputare
1281 1178 1346 1241 iam

66 1290 154 1364 nata,
178 1303 264 1345 nunc
297 1283 394 1345 etiam
426 1282 599 1345 nascituris
631 1282 753 1345 nocivis
785 1282 986 1364 graminibus
1010 1282 1199 1365 proficiendi
1222 1284 1346 1347 aditum

67 1390 230 1469 obserare,
255 1387 489 1470 subsequenter
513 1393 622 1452 autem
645 1393 678 1451 01
700 1389 842 1452 inserere
861 1389 1064 1453 fructiferum
1087 1411 1218 1471 germen
1242 1397 1274 1454 et
1297 1412 1345 1455 se·

66 1498 191 1560 minare
216 1515 324 1558 semen
353 1494 489 1574 bonum,
523 1494 610 1576 quod
632 1494 847 1576 tricesimum,
882 1498 1118 1578 sexagesimum
1151 1504 1184 1562 01
1211 1500 1345 1562 centesi-

67 1625 155 1667 mum
186 1600 326 1664 fiuctum
357 1600 551 1703 fecundante
579 1600 649 1665 Deo
681 1602 786 1682 pbssit
817 1600 941 1667 afferre.
988 1603 1071 1667 Nam
1099 1610 1132 1667 et
1158 1605 1219 1670 hoc
1246 1606 1346 1669 verba

66 1710 123 1774 illa
155 1708 317 1773 dominica
349 1728 463 1771 sonare
494 1707 658 1789 videntur,
692 1707 810 1789 quibus
833 1708 1004 1773 Ieremiam
1032 1710 1224 1792 prophetam
1253 1718 1285 1776 et
1312 1713 1345 1775 in

68 1839 103 1881 00
127 1813 350 1896 evangelicum
374 1813 574 1878 sacerdotem
598 1815 752 1877 instruxit
768 1814 899 1878 dicens:
929 1821 1001 1879 Eece
1028 1822 1093 1879 dedi
1118 1823 1203 1880 uerba
1224 1842 1290 1881 mec
1312 1824 1346 1881 tu

62 1904 113 1986 bre
137 1933 202 1999 tuo,
231 1945 288 1984 ecce
314 1925 454 1984 constitut
483 1931 507 1984 te
534 1944 621 2001 super
644 1931 741 2001 quates
768 1931 794 1984 et
816 1945 913 2001 reque,
937 1928 1094 1985 1110001110
1117 1935 1142 1986 et
1165 1929 1298 1987 destrues
1321 1937 1346 1990 et

66 2033 217 2109 deperdas
239 2038 265 2091 ct
291 2032 414 2107 1111011100
446 2037 471 2090 01
503 2032 618 2107 edifices
641 2037 667 2090 et
692 2032 834 2107 plautas
879 2027 919 2091 Id
947 2035 1056 2093 autem
1084 2029 1160 2092 licet
1188 2031 1345 2096 universis

66 2134 248 2200 rectoribus
273 2134 482 2197 ecclesiarum
505 2132 683 2212 incumbat,
715 2133 817 2199 multo
840 2141 950 2198 tamen
974 2135 1089 2199 fortius
1112 2137 1345 2204 1111111101Βο-

66 2262 183 2307 manae
206 2240 297 2304 urbis
322 2240 470 2319 antistiti,
495 2241 572 2322 quia
596 2261 615 2303 a
638 2240 777 2305 Domino
800 2239 877 2303 Iesu
901 2239 1044 2321 Christo,
1073 2247 1110 2304 ut
1137 2249 1235 2326 caput
1262 2252 1347 2310 esset

66 2348 255 2428 aecclesiae,
279 2346 313 2409 in
330 2346 427 2410 beato
445 2345 544 2410 Petro
564 2347 699 2428 accepit,
725 2346 820 2410 etde
843 2347 1014 2429 pascendis
1042 2348 1209 2413 dominicis
1234 2352 1346 2415 ovibus

66 2461 98 2519 et
121 2452 280 2518 fratribus
304 2451 531 2518 confirmandis
565 2473 753 2535 expressum
786 2476 824 2518 ac
856 2455 995 2537 speciale
1025 2456 1171 2519 noscitur
1193 2456 1346 2522 habuisse

65 2561 267 2626 mandatum.
314 2558 394 2622 Inde
418 2558 578 2641 siquidem
601 2565 660 2640 est,
688 2560 774 2642 quod
798 2583 855 2625 nos
875 2561 952 2626 lieet
970 2561 1203 2626 insufficientes
1221 2563 1345 2627 meritis

66 2668 109 2732 ad
132 2665 369 2750 providentiam
393 2665 589 2747 apostolicae
618 2664 703 2729 sedis
728 2672 760 2730 et
787 2668 1003 2732 ministerium
1030 2669 1222 2733 universalis
1246 2669 1345 2734 eccle·

66 2776 145 2856 siae,
170 2772 241 2837 Deo
264 2778 362 2854 prout
383 2773 446 2854 ipsi
469 2772 592 2854 placuit
611 2771 812 2855 disponente,
837 2776 953 2856 vocati,
979 2776 1054 2857 quia
1077 2777 1111 2838 iu
1130 2775 1266 2839 ecclesia
1284 2771 1346 2839 Dei

66 2880 267 2947 correctione
298 2878 443 2943 videmus
476 2900 573 2959 quam
606 2879 745 2960 plurima
772 2880 931 2961 indigere,
968 2888 1036 2945 tam
1065 2881 1106 2945 ad
1135 2884 1345 2966 emendanda,

66 3009 131 3071 que
154 2987 254 3070 digna
276 2985 500 3050 emendatione
523 2985 683 3066 videntur,
708 3008 805 3068 quam
832 2986 873 3050 ad
892 2988 1137 3070 promulganda,
1162 3010 1225 3071 que
1249 2991 1346 3055 saluti

66 3094 214 3158 fidelium
235 3094 306 3158 visa
328 3093 448 3157 fuerint
471 3093 633 3174 expedire,
658 3091 698 3157 de
722 3092 856 3166 diversis
880 3093 992 3156 mundi
1015 3095 1163 3176 partibus
1191 3117 1346 3178 personas

67 3201 306 3266 ecclesiasticas
330 3199 528 3264 decrevimus
553 3198 743 3279 evocandas,
768 3221 906 3280 quarum
929 3202 1114 3282 praesentia
1142 3208 1175 3266 et
1201 3204 1345 3286 consilio,

67 3329 131 3390 que
150 3306 272 3372 fuerint
288 3306 441 3388 salubria,
462 3311 658 3387 statuantur,
685 3311 717 3370 et
740 3305 825 3387 quod
845 3306 992 3387 bonum⁸,
1018 3306 1194 3372 seeundum
1213 3330 1345 3374 consue-

67 3414 216 3479 tudinem
238 3414 444 3495 antiquorum
471 3419 601 3494 patrum
633 3411 842 3494 provideatur
873 3418 906 3476 01
938 3411 1145 3477 confirmetur
1173 3436 1193 3478 0
1220 3417 1345 3496 multis,

68 3520 156 3603 quod
180 3521 208 3583 si
230 3519 469 3602 particulariter
492 3517 594 3600 fieret,
618 3541 682 3583 non
706 3518 800 3582 facile
819 3524 930 3600 posset
948 3519 1079 3602 plenum
1097 3521 1197 3585 robur
1215 3521 1344 3587 habere.

69 3626 230 3709 Quocirca
261 3647 318 3708 per
350 3626 529 3708 apostolica
560 3625 652 3690 vobis
685 3626 807 3708 scripta
841 3625 1048 3707 mandamus,
1086 3627 1239 3709 quatinus
1272 3629 1346 3694 huic

69 3732 274 3817 dispositioni
296 3736 426 3797 nostrae
449 3732 553 3814 plenis
579 3730 746 3795 desideriis
771 3732 938 3813 cooperari
965 3733 1084 3796 curetis
1108 3739 1141 3796 et
1163 3734 1268 3815 prima
1292 3735 1346 3800 do-

68 3841 189 3903 minica
211 3839 355 3920 proxime
379 3838 646 3920 01101110000111102
673 3837 715 3901 ad
742 3837 856 3901 urbem
879 3837 1017 3903 Romam
1046 3839 1183 3904 ducente
1206 3840 1345 3906 Domino

68 3946 221 4026 veniatis,
254 3952 291 4008 ut
323 3952 515 4028 cooperante
548 3945 653 4008 sancti
685 3944 818 4025 spiritus
855 3945 963 4026 gratia
994 3950 1062 4008 tarn
1091 3944 1126 4007 in
1150 3945 1346 4027 corrigendis

68 4051 327 4132 enormitatibus,
351 4072 450 4132 quam
472 4051 506 4114 in
530 4049 721 4130 statuendis,
746 4071 809 4132 que
831 4056 926 4132 grata
942 4051 1012 4115 Deo
1031 4051 1160 4132 fuerint,
1185 4052 1346 4115 communi

68 4158 192 4239 studio,
226 4157 311 4240 quod
338 4157 436 4221 fuerit
466 4156 640 4238 agendum,
675 4162 791 4237 agatur
825 4161 858 4220 01
886 4179 951 4222 11110
981 4158 1115 4221 humero
1144 4157 1345 4222 sublevemus

68 4286 180 4329 arcam
202 4264 333 4329 Domini
366 4269 463 4345 atque
493 4285 557 4327 uno
586 4283 640 4327 ore
667 4262 916 4328 honorificemus
940 4262 1046 4328 Deum
1074 4269 1107 4327 et
1134 4269 1259 4345 patrem
1291 4263 1345 4328 do-

67 4372 149 4435 mini
180 4372 285 4436 nostri
313 4370 388 4434 Iesu
416 4368 547 4433 Christi.
594 4368 648 4432 Ad
679 4369 740 4433 hoc
774 4370 1034 4434 commendamus
1067 4370 1157 4435 vobis
1190 4370 1345 4434 attentius

159 4520 171 4545 ⁸
189 4517 256 4578 quod
273 4516 368 4565 bonum'
385 4517 472 4564 addidi
488 4532 517 4563 ea
534 4517 682 4575 eddioaibue,
700 4517 753 4563 cide
770 4525 818 4565 not.
837 4515 853 4563 1
868 4519 973 4577 paginae
990 4519 1110 4576 aequoreis.

160 4602 171 4632 ¹
189 4601 245 4657 Jer.
266 4605 288 4667 1,
310 4601 350 4656 10.
424 4600 435 4630 ²
453 4600 507 4655 Die
527 4601 560 4654 18
579 4598 659 4654 Febr.
680 4599 757 4654 1179.
