3098 5056
515 285 606 341 Lucu
622 298 648 339 11
666 297 833 366 urrsronan
852 285 904 339 190
1307 269 1349 332 et

68 447 340 512 benedictionem.
378 443 584 509 Venerabilis
604 443 705 508 frater
722 450 833 509 noster
844 443 1026 528 Philippus,
1046 444 1216 528 episcopus
1231 450 1349 526 vester,
1388 446 1473 506 1144

69 554 161 618 iuxta
185 573 313 618 morem
325 552 451 616 noviter
464 551 770 631 intromissatorum,
794 550 1015 634 apostolorum
1027 550 1141 614 limina
1158 557 1192 614 et
1204 557 1349 615 nostram
1367 535 1428 594 Mai
1440 536 1492 596 1⁶·

69 660 294 743 praesentiam
315 658 472 737 visitarit3
497 677 593 740 quem
610 678 670 722 nos
688 656 802 722 debita
818 657 1018 739 benignitate
1038 657 1238 740 suscepimus
1257 663 1300 739 et,
1313 663 1350 721 ut

69 767 157 832 bona
174 765 364 831 Baiocensis
384 764 551 844 ecclesiae,
574 784 659 846 quae
676 764 742 828 iam
761 762 817 827 diu
835 763 998 846 peccatis·
1015 763 1219 844 exigentibus
1237 763 1350 828 illicite

71 873 233 936 distracta
256 878 289 936 et
312 871 455 936 alienata
479 874 564 951 sunt,
588 875 759 953 recuperet
781 876 815 934 et
836 890 953 954 pravas
978 869 1240 951 consuetudines,
1265 888 1349 952 qnae

70 981 104 1043 in
126 978 302 1044 Baiocensi
326 976 514 1059 episcopatu
537 976 678 1059 pastoris
705 976 832 1040 incuria
859 981 892 1040 et
917 976 1116 1058 negligentia
1137 976 1350 1058 pullularunt,

71 1086 242 1168 exstirpet,
265 1083 339 1147 riva
356 1102 434 1147 voce
453 1081 516 1146 sibi
534 1082 742 1146 iniunximus.
781 1081 893 1165 Ipsum
911 1082 1022 1165 itaque
1043 1104 1115 1146 eum
1134 1082 1241 1164 gratia
1264 1083 1350 1147 sedis

72 1191 274 1275 apostolicae
297 1193 330 1253 et
342 1189 526 1253 litterarum
539 1193 725 1254 nostrarum
739 1190 965 1272 prosecutione
988 1189 1030 1253 ad
1054 1188 1163 1254 sedem
1185 1190 1351 1272 propriam

71 1298 279 1362 remittentes
305 1294 550 1359 uniuersitatem
577 1299 720 1358 vestram
747 1315 914 1376 rogamus,
946 1316 1114 1360 monemus
1138 1302 1172 1361 et
1193 1317 1252 1380 per
1275 1317 1351 1379 apo·

69 1398 191 1469 'stoliea
215 1403 337 1484 scripta
360 1401 451 1467 vobis
474 1400 681 1482 iniungimus,
706 1406 867 1482 quatenus
890 1401 996 1484 ipsum
1019 1402 1157 1485 benigne
1174 1403 1351 1486 recipiatis,

72 1509 245 1574 affectione
267 1509 444 1593 praecipua
467 1507 612 1589 diligatis
644 1512 677 1571 et
707 1506 872 1572 honoretis
904 1508 998 1590 eique
1025 1514 1194 1592 tamquam
1220 1510 1351 1592 proprio

72 1617 199 1698 pastori
222 1621 256 1680 et
278 1615 460 1680 animarum
483 1617 663 1678 vestrarum
687 1614 837 1697 episcopo
852 1613 1070 1679 obedientiam
1084 1637 1123 1680 ac
1136 1617 1351 1681 reverentiam

71 1722 241 1787 humihter
264 1721 454 1786 exhibeatis.
500 1719 566 1784 Res
597 1740 676 1784 vero
707 1720 945 1784 ecclesiasticas
978 1727 1011 1785 et
1040 1722 1113 1786 iura
1143 1722 1350 1805 episcopalia,

72 1849 157 1911 quae
180 1829 216 1892 in
239 1828 384 1893 ecclesiis
408 1831 442 1891 et
454 1826 601 1910 personis
616 1826 843 1890 ecclesiasticis
859 1827 1043 1910 occupastis
1062 1835 1095 1914 et
1113 1834 1228 1893 contra
1245 1829 1352 1893 Deum

72 1940 104 1999 et
128 1935 314 1999 animarum
336 1938 518 1998 vestrarum
542 1932 679 1996 salutem
702 1932 814 1997 illicite
838 1933 990 1997 detinetis
1021 1933 1083 1998 sibi
1107 1935 1215 2016 quiete
1239 1941 1273 1998 et
1294 1957 1351 2018 pa·
1407 1939 1409 1945 ’

72 2039 164 2105 cifice
189 2040 373 2121 dimittatis,
398 2045 431 2103 et
452 2044 521 2103 tam
543 2039 577 2101 in
599 2037 650 2102 his
669 2059 767 2120 quam
786 2040 820 2103 in
839 2040 911 2104 aliis
930 2040 1038 2122 ipsum
1056 2046 1213 2123 tanquam
1231 2039 1352 2106 Christi

71 2147 260 2212 ministrum
288 2145 415 2227 audire,
448 2165 599 2209 excessus
631 2166 759 2228 quoque
791 2152 916 2210 vestros
953 2137 986 2210 et
1018 2147 1228 2212 enormitates
1260 2148 1352 2214 iuxta
1394 2233 1396 2238 Δ

72 2253 359 2318 commonitionem
380 2251 484 2334 ipsius
507 2251 667 2332 corrigere
691 2251 859 2317 studeatis.
901 2250 1024 2317 Verum
1047 2253 1200 2334 quoniam
1219 2254 1352 2335 quidam

71 2365 219 2423 restrum
238 2359 293 2442 jus
316 2379 411 2441 suum
435 2356 539 2421 eidem
573 2357 723 2440 episcopo
755 2357 882 2423 auferre
911 2358 1124 2441 contendunt,
1157 2361 1351 2426 auctoritate

73 2465 256 2549 apostolica
277 2463 496 2548 prohibemus,
521 2468 558 2526 ut
575 2462 683 2527 nullus
707 2464 893 2547 monachus,
921 2465 1057 2529 clericus
1077 2466 1143 2528 sive
1161 2463 1264 2526 laicus
1282 2462 1351 2545 pla-

73 2573 140 2636 cita
164 2571 363 2655 episcopalia
385 2570 449 2634 nisi
471 2570 505 2633 in
528 2569 630 2652 ipsius
652 2570 703 2634 vel
726 2571 839 2634 vicarii
866 2572 915 2635 sui
933 2571 1118 2654 praesentia
1135 2575 1279 2634 tractare
1301 2568 1352 2632 vel

73 2677 217 2743 diffinire
239 2678 290 2742 rel
312 2677 346 2740 in
369 2675 610 2760 parochialibus
639 2677 783 2741 eeclesiis
807 2677 931 2761 absque
958 2677 1061 2760 ipsius
1089 2696 1224 2740 assensu
1247 2695 1352 2739 sacer-

73 2785 169 2850 dotes
200 2804 320 2867 ponere
351 2783 403 2847 rel
435 2803 584 2847 amovere
615 2790 796 2866 presumat,
830 2784 904 2865 quib
932 2784 1064 2848 statutis
1087 2781 1287 2865 temporibus
1310 2780 1352 2846 ad

73 2892 235 2975 synodum
249 2900 358 2954 suamc
376 2889 603 2954 universaliter
622 2890 815 2954 conveniant
833 2896 865 2954 et
883 2896 1059 2973 praecepta
1072 2888 1250 2972 synodalia,
1269 2907 1352 2970 quae

72 2996 196 3081 populo
220 2997 283 3061 sibi
305 2997 476 3061 commisso
499 2994 735 3074 annuntiabitd,
759 2998 884 3057 attente
906 2996 1089 3078 percipiant
1107 3002 1206 3078 atque
1230 2994 1352 3077 episco-

73 3104 168 3189 pales
190 3103 337 3167 redditus
365 3102 545 3184 antiquitus
573 3102 726 3167 canonice
754 3101 946 3166 constitutos
971 3101 1075 3166 eidem
1106 3102 1353 3184 episcopocum

73 3211 264 3293 integritate
286 3208 481 3293 persolvant.
528 3207 705 3272 Praeterea
728 3208 810 3271 scire
833 3229 889 3272 vos
913 3208 1070 3290 volumus,
1094 3208 1182 3291 quia,
1207 3208 1291 3272 sicut
1314 3228 1353 3271 ex

75 3317 199 3399 scripto
222 3314 481 3398 praedecessoris
504 3315 608 3378 nostri
630 3312 733 3378 felicis
756 3316 932 3378 memoriae
955 3335 1059 3398 papae
1078 3313 1205 3379 Urbani
1227 3313 1353 3378 intelle·

74 3424 208 3503 ximus‚1
227 3422 381 3504 quoniam
394 3420 582 3485 Baiocensis
602 3420 738 3485 ecclesia
756 3419 916 3485 bonorum
935 3441 1066 3485 suorum
1084 3420 1258 3503 plurimam
1276 3428 1354 3486 tunc

74 3528 233 3613 temporis
256 3532 383 3610 partem
402 3526 554 3610 perdidit,
579 3523 652 3590 cum
666 3524 737 3591 Odo
760 3526 863 3609 ipsius
882 3527 1022 3591 civitatis
1046 3528 1216 3611 episcopus
1240 3551 1259 3593 a
1282 3550 1353 3611 ger·

74 3657 173 3700 mano
198 3657 256 3701 suo
275 3632 450 3699 Guillelmo
468 3633 648 3715 Auglorum
671 3654 747 3716 rege
777 3639 892 3716 captus
920 3638 996 3715 est,2
1029 3654 1112 3716 quae
1135 3640 1245 3698 tamen
1267 3634 1354 3700 bona

75 3742 163 3806 idem
187 3742 357 3824 episcopus
382 3761 449 3822 ,sua
478 3739 685 3822 postmodum
716 3739 878 3804 industria
908 3741 1127 3824 recuperavit,
1161 3741 1272 3824 scripti
1304 3741 1353 3805 sui

75 3848 272 3913 auctoritate
294 3845 445 3928 firmavit,
469 3851 507 3909 ut
528 3845 717 3910 Baiocensis
736 3847 892 3911 ecclesiae
915 3846 1001 3912 bona
1024 3847 1071 3912 ita
1094 3867 1222 3930 semper
1243 3847 1352 3912 incon·

77 3966 181 4019 cussa
192 3953 334 4019 debeant
353 3952 533 4018 stabilitate
552 3953 683 4034 servari,
704 3952 788 4016 sieut
806 3953 965 4035 captionis
983 3953 1071 4017 illius
1090 3959 1235 4036 tempore
1254 3952 1353 4017 fuisse

76 4065 270 4140 noscuntur,
294 4059 372 4143 quia
394 4060 493 4142 igitur
516 4059 620 4124 nostri
643 4057 740 4124 officii
764 4064 822 4141 est,
852 4059 1061 4124 ecclesiarum
1089 4059 1191 4142 quieti
1217 4064 1354 4142 paterna

77 4165 295 4231 sollicitudine
318 4165 497 4248 providere,
522 4165 666 4230 eiusdem
690 4164 948 4248 praedecessoris
971 4166 1074 4230 nostri
1096 4166 1241 4247 vestigiis
1265 4166 1354 4231 inhe-

76 4277 187 4336 rentes
211 4269 347 4337 eandem
370 4272 633 4338 constitutionem
660 4272 859 4354 apostolieae
888 4266 973 4336 sedis
997 4272 1191 4337 auctoritate
1214 4269 1354 4336 firmavi-

167 4508 180 4533 *
197 4508 231 4555 sic
248 4509 333 4569 ambri
344 4524 393 4570 pro
410 4506 531 4571 praelatis
549 4524 568 4556 c.
641 4501 704 4554 ban
720 4524 782 4555 com.
801 4506 861 4555 sed?
928 4510 1031 4555 ⁰suum
1050 4524 1070 4555 c.
1142 4501 1353 4557 dannuntiense¹

170 4609 180 4638 ¹
198 4608 259 4663 Iam
279 4625 335 4664 non
353 4614 446 4665 exstat
464 4608 583 4680 epistola
600 4608 677 4664 haec.
750 4609 761 4639 ²
779 4608 821 4663 ef.
839 4609 912 4664 Jaffe
930 4609 1002 4664 Bibl.
1021 4609 1061 4664 11.
1081 4608 1142 4664 518.
1161 4609 1221 4664 570.

133 4716 315 4767 mannam,
335 4717 408 4768 upra.
423 4717 489 4758 nont.
505 4717 569 4758 nom.
1127 4700 1141 4751 ‘l
