3098 5056
436 274 602 329 Hsnrmru
620 287 654 328 tv
672 286 840 328 neronom
858 273 910 326 224
1271 261 1328 320 121

61 434 143 517 quod
181 432 344 516 praedicti
379 433 542 514 monachi,
579 455 620 498 ne
651 433 724 516 plus
757 454 853 515 quam
890 436 1015 515 septem
1047 432 1164 498 fratres
1195 434 1229 498 iu
1261 457 1334 502 con·
1377 431 1460 489 1155

59 547 155 606 ventu
185 545 221 604 et
247 539 336 604 ultra
363 545 491 603 centum
515 560 589 605 oves
614 544 646 604 et
669 561 783 622 capros
811 541 844 603 in
863 540 987 622 posito·
1013 540 1084 605 loco
1107 540 1263 624 habeant,
1288 545 1334 609 eis
1354 520 1478 580 Iffi23·

59 648 96 712 de
117 647 301 712 voluntatis
326 666 403 710 suae
430 646 630 728 plenitudine
658 647 867 725 interdicant3
896 647 1000 710 modis
1031 649 1130 711 etiam
1160 649 1233 714 aliis
1264 653 1333 732 qui-

57 755 115 819 bus
149 758 292 836 possunt
323 773 377 818 eos
409 751 564 817 infestare
595 774 660 817 non
690 752 843 816 desinunt
874 758 919 834 et,
954 754 1106 834 quoniam
1138 759 1334 838 emergentia

57 859 216 926 scandala
253 859 292 923 de
332 859 438 924 medio
478 859 592 924 tollere
632 859 778 924 volumus
815 860 921 940 vobis,
964 859 1004 922 de
1041 881 1177 942 quorum
1216 863 1333 927 discre-

56 969 144 1032 tione
169 964 373 1047 confidimus,
397 967 649 1030 controversiam
681 966 786 1048 ipsam
814 965 1049 1030 discutiendam
1078 967 1248 1034 etdebito
1270 968 1333 1034 fine

56 1072 299 1138 terminandam
331 1071 558 1136 commisimus.
605 1070 746 1153 Ideoque
778 1092 837 1154 per
868 1074 1053 1154 praesentia
1089 1074 1180 1139 vobis
1214 1077 1334 1160 scripta

54 1180 267 1260 mandamus,
296 1185 455 1261 quatenus
482 1177 585 1242 infrab
607 1179 702 1241 unius
725 1178 846 1242 mensis
870 1179 1021 1260 spatium,
1045 1186 1218 1262 postquam
1241 1204 1332 1265 prae-

54 1289 165 1353 sentia
190 1285 312 1368 scripta
333 1286 547 1368 receperitis0,
571 1290 709 1367 utraque
737 1290 831 1367 parte
855 1290 930 1348 ante
953 1291 1095 1350 vestram
1117 1290 1333 1369 praesentiam

55 1399 195 1460 evocata
226 1397 260 1456 et
291 1391 471 1457 rationibus
501 1390 674 1455 hincinde
698 1391 870 1472 diligenter
898 1391 1018 1455 auditis
1047 1398 1080 1456 et
1103 1395 1254 1477 cognitis,
1287 1397 1334 1461 ita

56 1503 143 1565 inter
171 1519 228 1563 eos
256 1498 451 1581 competenti
482 1498 702 1562 moderamine
734 1498 892 1561 studeatis
920 1497 1055 1579 pacifice
1083 1501 1265 1583 convenire,
1298 1510 1335 1582 ut

59 1613 92 1672 et
114 1607 172 1670 isti
196 1605 322 1687 possint
344 1604 446 1668 libere
460 1605 599 1669 Domino
624 1602 803 1668 deservire(¹
827 1610 860 1667 et
882 1605 1084 1686 praedictum
1103 1610 1333 1673 monasterium

58 1714 248 1778 Anionense
270 1716 403 1793 propter
424 1710 486 1774 hoc
508 1711 577 1793 pati
595 1731 660 1774 non
679 1710 797 1774 debeat
816 1710 1054 1774 detrimentum.
1092 1710 1186 1793 Quod
1206 1715 1233 1777 si
1252 1715 1334 1780 forte

58 1820 169 1884 clerici
192 1817 377 1901 praedictae
397 1815 551 1881 ecclesiae
576 1817 615 1881 de
634 1815 824 1881 Vallecrosa
846 1817 953 1881 vocati
976 1839 996 1880 a
1014 1817 1105 1882 vobis
1129 1826 1235 1885 vestro
1259 1843 1333 1887 con-

58 1925 186 2009 spectui
207 1929 416 2007 praesentare
440 1928 497 1987 aut
519 1923 585 1986 iam
607 1923 695 1986 facta
712 1923 763 1986 vel
782 1921 930 1987 facienda
949 1945 969 1987 a
987 1925 1078 1988 vobis
1103 1928 1333 2008 compositione

59 2039 145 2096 stare
170 2030 342 2111 noluerint,
366 2029 443 2093 licet
465 2029 530 2093 sint
557 2050 577 2092 a
600 2027 692 2093 nobis
724 2050 744 2093 a
763 2030 982 2112 suspensionis
1003 2033 1163 2096 sententia
1182 2033 1331 2117 absoluti,

58 2146 177 2205 extunc
208 2143 319 2201 tamen
351 2135 463 2200 eadem
494 2155 548 2199 eos
577 2135 738 2198 sententia
770 2135 945 2217 religamus
974 2143 1007 2201 et
1035 2143 1104 2202 tam
1128 2138 1182 2201 diu
1206 2145 1331 2205 senten-

57 2248 137 2310 tiam
161 2245 267 2326 ipsam
288 2242 505 2324 praecipimus
534 2240 764 2305 inviolabiliter
792 2242 969 2324 observari,
1003 2243 1103 2308 donec
1131 2245 1269 2309 alterum
1293 2247 1331 2310 de

57 2352 217 2433 hisquae
241 2370 339 2431 supra
369 2348 507 2411 diximus
536 2347 713 2430 adimplere
742 2354 921 2430 cogantur.0
966 2349 1142 2415 Praeterea
1171 2351 1331 2417 nihilomi-

57 2479 117 2522 nus
140 2456 233 2522 vobis
252 2454 454 2535 mandamus
477 2459 639 2541 quatenus
660 2454 687 2517 si
706 2453 815 2536 aliquo
835 2455 1068 2538 interveniente
1086 2459 1254 2523 occasione
1274 2459 1331 2523 ali-

57 2566 130 2647 quis
154 2568 299 2628 vestrum
320 2562 396 2626 huic
420 2582 537 2633 causae
555 2561 711 2623 interesse
734 2581 799 2624 non
818 2563 970 2643 potuerit,
996 2563 1058 2628 duo
1083 2585 1122 2628 ex
1145 2564 1236 2629 vobis
1259 2587 1331 2647 pro-

56 2677 129 2755 pter
162 2670 224 2735 hoc
259 2689 465 2751 nequaquam
501 2666 682 2747 dimittant,
720 2666 814 2747 quinf
843 2673 990 2732 nostrum
1022 2670 1213 2735 mandatum
1249 2672 1332 2735 sicut

56 2776 298 2861 supradiximus
331 2774 483 2838 studeant
514 2772 700 2855 adimplere.
747 2772 870 2836 Datum
897 2773 1021 2839 Romae
1036 2774 1038 2781 “
1052 2797 1103 2859 ap.
1137 2776 1168 2843 S.
1197 2777 1331 2842 Petrum

56 2884 90 2948 X
107 2883 277 2957 Kalendas
300 2880 482 2946 Februarii.

54 3153 147 3219 224.
166 3153 340 3215 Hadrianus
363 3151 413 3210 IV
433 3151 563 3227 fratrom
592 3151 827 3209 Wrstooeostom
852 3152 1015 3210 electionem
1042 3153 1075 3211 de
1096 3154 1197 3229 priore
1218 3155 1247 3214 S.
1265 3156 1330 3214 Ma-

167 3259 280 3318 ximini
297 3259 406 3335 foetam
423 3264 526 3317 cassat.
563 3257 717 3332 eoepit,-
737 3263 770 3316 at
788 3276 822 3315 ec
839 3259 1055 3333 congregratione
1073 3259 1262 3320 Ulaee‘ocense'
1279 3281 1330 3320 seo

168 3385 204 3424 ea
225 3364 526 3424 Maiori-monestede
550 3363 645 3422 eliam
667 3363 725 3422 sibi
747 3364 875 3422 abbatem
898 3364 1011 3438 eliquat.

175 3466 248 3522 Bibl.
267 3475 324 3521 nat.
343 3465 430 3520 Paris.
455 3468 480 3536 1)
500 3465 604 3520 Oartul.
623 3465 745 3519 Virsion.
764 3482 815 3518 ms.
834 3464 882 3518 lat.
902 3465 971 3520 9865
990 3483 1011 3519 s.
1030 3479 1080 3520 ΧΗ
1097 3466 1144 3522 iol.
1164 3467 1205 3535 2¹>;

359 3555 385 3624 2)
404 3572 455 3609 ms.
473 3555 522 3609 lat.
542 3555 627 3609 12691
647 3554 693 3608 fol.
714 3553 786 3608 10312.
806 3570 893 3607 manu
911 3571 932 3608 s.
952 3567 1029 3609 xvn.

143 3715 310 3780 Adrianus
334 3715 503 3797 episcopus
527 3735 638 3778 servus
662 3734 827 3778 servorum
844 3714 907 3777 Dei
930 3715 1079 3780 universo
1099 3717 1240 3799 capitulo
1257 3717 1328 3782 Vir·
1373 3717 1456 3774 1155

53 3823 216 3890 sionensis
240 3822 395 3886 ecclesiae
419 3821 556 3885 salutem
585 3826 617 3884 et
645 3819 856 3902 apostolicam
880 3819 1146 3888 benedictionem.
1191 3823 1329 3888 Venicn-
1350 3806 1411 3864 1³11·
1424 3807 1474 3863 29·

54 3939 104 3996 tes
129 3930 172 3995 ad
195 3950 254 3993 nos
278 3927 410 4010 quidam
432 3927 551 4003 fratres
570 3928 669 3991 vestri
693 3925 893 4008 electionem,
918 3948 1015 4009 quam
1042 3928 1081 3992 de
1099 3930 1206 4011 priore
1226 3932 1330 3994 sancti

54 4035 227 4103 Maximini
258 4034 423 4116 feceratis,
456 4033 682 4117 praesentibus
712 4033 835 4096 nuntiis
867 4034 1061 4099 venerabilis
1094 4035 1203 4099 fratris
1226 4038 1329 4101 nostri

55 4142 272 4207 Bituricensis
300 4140 560 4223 archiepiscopi,1
586 4140 620 4202 in
643 4145 753 4203 nostro
778 4139 939 4206 auditorio
969 4141 1178 4239 explicarunt.
1226 4136 1329 4224 Super

144 4326 157 4351 ⁸
174 4321 293 4385 imposito
310 4325 381 4371 codd.
459 4317 558 4369 bintra
581 4323 604 4369 2.
686 4322 784 4367 0υενόιι
806 4320 1068 4384 intra-receperitis
1092 4325 1171 4370 abruto
1188 4324 1213 4370 ta
1231 4323 1283 4371 cod.
1303 4324 1326 4371 3.

56 4409 68 4440 ‘¹
87 4411 181 4460 servire
199 4413 224 4461 3.
297 4416 452 4472 ‘cogantur
472 4411 529 4460 Dat.
549 4410 579 4458 R.
599 4423 639 4471 ap.
659 4408 684 4457 S.
699 4409 801 4456 Petrum
821 4411 854 4469 3.,
873 4419 948 4458 cetera
967 4413 1053 4459 (botrio.
1117 4405 1195 4459 frod.
1210 4408 1229 4456 2
1246 4413 1329 4458 mendo

56 4504 99 4549 hoc
117 4503 169 4550 loco
188 4503 294 4549 συναίτιοι.
601 4518 603 4522 ⁴

146 4604 157 4633 ¹
175 4602 260 4657 Petri.
