3098 5056
446 275 575 333 (166666
592 289 617 330 11
635 289 804 331 6166666116
824 277 882 331 159.
903 277 955 332 160
1295 262 1335 324 79

56 436 203 500 ecclesie.
251 435 464 500 Malvitanam
488 457 616 518 quoque
639 436 743 501 nostri
770 437 850 500 iuris
878 436 1048 500 ecclesiam
1071 434 1142 516 tibi,
1170 438 1336 501 carissime
1356 438 1467 497 1099-

56 542 169 624 frater,
188 543 394 625 propensiori
410 541 579 607 affectione
598 541 813 620 concedimus,
834 543 918 606 sicut
935 543 969 605 in
988 543 1109 608 eisdem
1128 543 1263 608 ecclesie
1282 550 1344 610 tue.
1367 528 1462 589 1118·

56 649 237 732 privilegiis
269 650 435 714 continere
466 648 608 731 videtur,
642 649 740 714 salvis
764 648 804 713 de
828 655 946 730 cetero,
975 650 1003 713 si
1026 671 1091 732 qua
1117 649 1226 733 babet,
1251 650 1337 715 sedis

57 756 238 839 apostolice
262 755 466 839 privilegiis.l

57 991 139 1058 159.
171 992 313 1052 Gelestae
336 993 371 1052 Η
397 993 581 1052 concordiem
611 993 688 1052 ieter
719 993 863 1052 Pontium
894 994 1023 1053 abbatem
1057 994 1281 1053 Cluuiueeusem
1313 1000 1339 1054 et

174 1100 343 1159 eumenem
370 1100 536 1176 episcopum
563 1100 792 1158 Lascurreasem
820 1119 907 1176 saper
936 1101 1060 1159 ecetesiis
1090 1101 1119 1159 S.
1143 1102 1228 1160 Fidis
1258 1108 1283 1161 et
1307 1102 1338 1162 S.

170 1207 307 1265 Andreae
329 1206 439 1282 suetum
460 1207 624 1282 confirmet.

175 1325 249 1380 Bibl.
267 1330 326 1380 nat.
340 1325 427 1380 Paris.
441 1326 566 1382 Chartul.
586 1326 723 1397 prioratus
742 1325 770 1380 S.
781 1325 859 1380 Fidis
877 1343 899 1381 s.
918 1340 974 1380 ΧΠ.
993 1344 1044 1381 me.
1064 1327 1112 1383 lat.
1131 1327 1219 1398 10936

648 1415 695 1471 fol.
715 1415 753 1470 4¹².

146 1539 301 1605 Gelasius
320 1540 496 1623 episcopus
529 1561 640 1606 servus
674 1561 839 1605 servorum
867 1541 929 1605 Dei
954 1541 1079 1606 dilectis
1110 1540 1185 1606 filiis
1210 1540 1339 1606 Clunia·
1383 1548 1466 1607 1118

59 1647 162 1710 censis
187 1647 379 1712 monasterii
401 1647 568 1712 monacbis
596 1647 734 1711 salutem
767 1655 800 1712 et
831 1648 1043 1731 apostolicam
1071 1648 1338 1713 benedictionem.
1357 1639 1426 1698 130⁰·
1440 1637 1490 1697 12·

59 1752 333 1831 Controversiam,
363 1775 425 1836 que
452 1756 538 1818 inter
560 1753 798 1819 Lascurrenses
823 1755 991 1838 episcopos
1015 1760 1048 1819 et
1080 1755 1206 1820 cenobii
1240 1756 1339 1820 vestri

58 1858 189 1941 iratres,
214 1861 271 1942 qui
290 1859 377 1943 apud
396 1861 567 1927 ecclesiam
586 1861 626 1925 de
643 1860 790 1925 Morlano
810 1868 1052 1943 conversantur,
1074 1862 1194 1926 diutius
1215 1863 1339 1944 agitata

59 1972 116 2048 est,
140 1967 300 2032 noveritis
323 1968 357 2030 in
381 1974 569 2051 conspectu.
583 1975 695 2032 nostro
723 1973 834 2032 tenore
861 1967 1046 2033 huiusmodi
1071 1967 1251 2033 definitam:
1290 1968 1338 2034 Si·
1404 1954 1406 1956 ,

57 2073 190 2155 quidem
219 2071 320 2137 frater
347 2080 458 2139 noster
481 2073 590 2141 Guido
613 2073 843 2139 Lascurrensis
876 2075 1047 2158 episcopus
1081 2075 1217 2157 dimisit,
1251 2075 1341 2140 dedit

57 2186 89 2243 61
121 2180 287 2244 concessit
318 2179 474 2245 confratri
505 2187 615 2246 nostro
639 2180 756 2246 Pontio
789 2181 901 2245 abbati
934 2187 1042 2247 vestro
1075 2188 1108 2245 61
1135 2181 1340 2246 Cluniacensi

57 2288 257 2351 monasterio
281 2291 314 2350 et
336 2287 502 2352 monachis
530 2287 651 2352 ibidem
674 2287 745 2353 Deo
769 2287 983 2352 servientibus
1015 2309 1190 2370 eorumque
1214 2310 1339 2353 succes-

58 2394 187 2458 soribus
208 2393 362 2458 ecelesias
383 2394 422 2458 (16
436 2394 594 2476 Morlano,
617 2393 758 2460 Sanctae
768 2393 861 2458 Fidis
881 2394 1005 2459 scilicet
1024 2401 1073 2459 61α
1087 2394 1199 2460 Sancti
1209 2395 1340 2460 Andree

59 2500 97 2564 de
120 2522 206 2566 novo
230 2498 343 2583 burgo,
373 2522 447 2564 cnm
471 2500 603 2566 decimis
628 2506 660 2565 et
691 2502 839 2566 omnibus
865 2500 906 2565 ad
934 2501 1065 2566 easdem
1093 2502 1340 2585 pertinentibus,

59 2606 217 2690 quioquid
236 2606 279 2671 ad
291 2606 523 2672 Lascurrensis
543 2608 678 2673 ecclesie
696 2609 747 2672 ius
767 2607 962 2690 pertinebat,
986 2609 1047 2673 hoc
1067 2609 1218 2673 videlicet
1234 2615 1340 2693 pacto,

59 2721 94 2777 61
117 2713 350 2779 Cluniacenses
373 2714 524 2779 monachi
548 2705 683 2797 singulis
707 2716 800 2779 annis
820 2716 933 2797 viginti
953 2736 1070 2780 concas
1089 2738 1225 2799 annone,
1250 2718 1341 2781 euius
1440 2739 1441 2743 ¹

60 2841 188 2886 annone
212 2821 315 2884 tercia
346 2843 423 2904 pars
452 2821 495 2885 sit
517 2821 685 2902 frumenti,
718 2822 821 2885 tercia
847 2821 944 2902 milii,
977 2823 1079 2886 tercia
1108 2844 1208 2887 avene
1237 2824 1341 2888 eidem

60 2927 205 2993 Gnidoni
225 2927 529 3010 successoribusque
553 2928 640 2993 illius
660 2927 936 2993 Lascurrensibus
961 2929 1121 3012 episcopis
1144 2930 1340 3013 persolvant.

58 3035 156 3098 Hanc
175 3033 392 3116 concordiam,
417 3036 502 3099 sicut
524 3035 611 3118 apud
630 3035 835 3100 Alestensem
858 3033 970 3098 villam
993 3035 1027 3098 in
1045 3041 1158 3101 nostra
1176 3037 1342 3119 presentia

59 3141 150 3206 16616
174 3146 251 3222 661,2
282 3162 342 3205 666
374 3141 552 3224 6666161166
585 3141 671 3206 sedis
700 3143 894 3206 auctoritate
921 3139 1088 3206 firmamus
1118 3149 1151 3207 61
1178 3150 1285 3208 ratam
1307 3145 1341 3206 in

59 3255 229 3331 posterum
253 3252 440 3329 praestante
464 3247 603 3314 Domino
627 3269 815 3331 permanere
843 3249 1049 3330 precipimus
1101 3249 1224 3313 Datum
1246 3249 1341 3314 Utiee

61 3355 96 3418 Π
119 3354 201 3419 Idus
225 3352 425 3437 Decembris,
449 3353 625 3420 indictione
648 3354 709 3418 XI.

61 3643 150 3708 160.
179 3643 316 3703 (16166166
342 3643 380 3702 ΙΙ
405 3644 556 3703 'eeclesiam
582 3645 797 3703 Atrebatensem
829 3643 864 3701 ab
897 3642 1011 3701 Urbano
1038 3642 1076 3701 ΙΙ
1101 3644 1157 3717 „ia
1184 3645 1342 3722 6611666666

174 3749 842 3826 661666611616611611661616666666661661
864 3750 1028 3825 coufirmat.
1067 3750 1194 3825 (Reberti
1216 3753 1343 3828 episerpi

174 3857 295 3933 eiusque
316 3876 515 3917 6666666666
532 3857 735 3934 possessiones
757 3863 783 3916 et
799 3856 955 3932 6616116616
976 3857 1127 3926 instituit.)

190 3975 263 4030 Bibl.
282 3981 339 4031 nat.
358 3976 445 4031 Paris.
465 3976 590 4032 Chartul.
609 3976 735 4032 Atrebat.
754 3994 775 4030 6.
794 3990 862 4030 xm.
882 3992 934 4029 ms.
953 3976 1001 4030 lat.
1021 3977 1091 4031 9930
1110 3977 1156 4031 fol.
1176 3977 1218 4032 50.

152 4135 306 4202 Gelasius
326 4137 497 4220 episcopus
515 4157 625 4200 servus
645 4158 810 4201 servorum
825 4136 887 4201 Dei
901 4134 1078 4199 venerabili
1093 4135 1186 4199 fratri
1195 4135 1340 4202 Roberto
1368 4156 1453 4215 1119

62 4243 275 4308 Atrebatensi
298 4245 449 4327 episeopo
473 4244 607 4325 eiusque
631 4243 871 4308 successoribus
896 4243 1048 4306 canonice
1075 4242 1282 4306 instituendis
1305 4243 1340 4306 in
1357 4246 1418 4305 Ian.
1431 4246 1459 4305 1.

151 4433 164 4457 ⁸
182 4430 207 4475 61
224 4427 318 4476 addidi.

154 4531 163 4561 ¹
192 4528 235 4584 ef.
264 4534 403 4599 regestum
431 4544 476 4598 ap.
504 4528 766 4599 Pfluglr-Harttung
793 4527 852 4582 Iter
879 4527 944 4581 Ital.
970 4545 997 4597 p.
1017 4528 1067 4581 207
1092 4525 1128 4580 ad
1151 4543 1195 4580 an.
1220 4528 1340 4582 61102.

65 4620 75 4649 ²
92 4620 196 4674 Exstat
213 4618 243 4672 16
262 4616 380 4672 chartul.
399 4617 477 4672 1615
495 4622 524 4672 61
542 4616 644 4672 desinit
662 4617 690 4670 in
709 4616 752 4670 his
770 4615 873 4670 verbis:
893 4616 973 4670 Haec
992 4623 1086 4670 autem
1104 4615 1250 4670 concordia
1268 4615 1342 4670 faeta
