3098 5056
443 279 569 334 Unnnru
588 295 624 334 111
642 294 809 335 nrrsrounn
828 282 888 336 377.
908 281 960 336 378
1273 269 1337 330 229

56 442 139 510 377.
170 445 308 505 Urbanus
330 445 381 503 ΙΙΙ
394 445 616 505 Norborrerasom
638 446 889 522 archiepiscopum
911 465 945 504 oc
966 447 1145 507 Tolosanum
1167 454 1193 507 ot
1220 447 1338 508 (lurcos-

168 571 325 611 sarrensem
352 553 498 627 armcopos
525 551 668 625 hortatur,
699 559 732 612 at
758 553 903 629 frutribus
926 553 1159 613 Bolborronsibas
1182 555 1215 613 do
1236 573 1339 614 morro-

168 658 254 718 stcrii
275 658 514 734 malefactoribus·
535 659 690 718 laeticiam
713 660 871 718 cohibeant.

252 758 324 814 Bibl.
343 764 400 814 nat.
418 759 505 814 Paris.
525 759 594 815 0011.
613 759 696 816 Doat.
715 759 759 815 83.
787 760 833 816 fol.
855 762 914 815 165.
942 777 1002 831 cop.
1021 777 1046 815 a.
1067 761 1143 816 1669.

144 900 301 967 Urbanus
325 903 494 986 episcopus
519 923 629 966 servus
649 924 814 968 servorum
832 902 895 967 Dei
918 902 1157 968 venerabilibus
1183 903 1339 970 fratribus
1380 914 1465 975 1186

57 1008 283 1074 Narbonensi¹
306 1007 558 1091 archiepiscopo,
583 1008 796 1091 Tholosano2,
821 1008 1092 1074 Carcassonensi⁸
1122 1011 1283 1095 episcopis
1307 1018 1339 1076 et
1361 1003 1423 1064 001-
1438 1005 1487 1065 18·

58 1117 185 1182 dilectis
209 1114 285 1179 filiis
310 1115 545 1180 archidiaconis
570 1121 603 1179 et
626 1115 756 1180 decanis
779 1117 812 1180 in
836 1137 948 1180 eorum
972 1115 1155 1181 diocesibus
1183 1118 1339 1182 constitu·

57 1225 97 1288 tis
126 1223 270 1288 salutem
302 1228 336 1287 11
365 1222 577 1306 apostolicam
604 1221 873 1287 benedictionem.
921 1220 1012 1286 Sicut
1039 1222 1231 1289 dilectorum
1258 1224 1339 1290 filio-

58 1352 128 1395 rum
151 1334 341 1395 nostrorum
369 1327 498 1393 abbatis
528 1333 560 1392 11
584 1326 721 1392 fratrum
741 1328 888 1393 coenobii
906 1328 1133 1394 Bolboniensis
1151 1330 1245 1396 nobis
1265 1353 1339 1396 con-

59 1437 185 1519 questio
213 1434 384 1520 patefecit,
418 1434 551 1517 quidam
582 1436 737 1500 malitiosi
768 1435 915 1499 homines
946 1437 979 1499 in
1007 1437 1124 1500 vestris
1156 1437 1339 1504 diocesibus

11 1604 13 1613 ,
60 1548 297 1609 commorantes
320 1541 450 1624 saepius
473 1542 507 1604 in
530 1540 616 1606 bona
635 1563 747 1607 eorum
766 1541 898 1623 rapinas
918 1548 1070 1606 exercent
1093 1549 1125 1608 et
1148 1545 1214 1609 alia
1236 1548 1340 1613 multa

61 1650 250 1732 gravamina
272 1647 342 1733 Dei·
358 1649 474 1713 timore
493 1649 675 1731 postposito
695 1647 741 1711 eis
760 1648 905 1729 irrogare
923 1655 1145 1730 praesumunt.
1183 1650 1339 1719 Volentes

61 1756 154 1838 igit-ur
178 1754 411 1838 indempnitati
434 1776 545 1819 eorum
571 1761 709 1839 paterna
728 1754 945 1819 sollicitudine
964 1754 1132 1837 providere
1153 1756 1339 1825 discretioni

61 1869 185 1927 vestrae
218 1881 280 1945 per
308 1861 487 1945 apostolica
520 1863 643 1945 scripta
670 1859 899 1944 praecipiendo
932 1860 1140 1943 mandamus,
1174 1867 1337 1947 quatinuS,

61 1990 127 2033 cum
150 1990 173 2033 a
197 1968 376 2052 praedictis
408 1967 564 2031 fratribus
597 1987 696 2049 super
725 1966 909 2031 huiusmodi
939 1968 1062 2050 rapinis
1090 1973 1124 2031 et
1146 1972 1338 2051 gravamini-

59 2075 112 2140 bus
146 2075 225 2141 aliis
258 2073 358 2139 fuerit
388 2073 478 2139 vobis
512 2073 646 2155 querela
672 2074 855 2155 proposita,
888 2075 1110 2156 unusquisque
1138 2082 1282 2141 vestrum
1304 2080 1338 2142 in

58 2182 177 2248 diocesi
211 2203 273 2245 sua
304 2180 529 2246 malefactores
563 2200 688 2260 eorum,
728 2180 791 2243 nisi
824 2181 1011 2245 commoniti
1048 2184 1251 2247 rest'tuerint
1285 2207 1337 2250 res

58 2289 186 2353 ablatas
211 2294 246 2352 et
273 2287 313 2351 de
342 2287 490 2371 dampnis
522 2287 623 2350 illatis
657 2291 689 2349 et
717 2285 844 2368 injuriis
873 2285 1090 2351 satisfecerint
1117 2297 1339 2372 competenter

57 2401 86 2460 et
108 2396 152 2460 ab
178 2415 293 2460 eorum
316 2394 543 2459 molestatione
567 2393 778 2474 cessaverint,
807 2392 1028 2458 ecclesiastica
1058 2415 1195 2460 censura
1218 2398 1338 2463 nullius

56 2501 277 2586 appellatione
305 2501 456 2566 obstante
483 2498 653 2583 parcellat,
682 2520 765 2580 quae
794 2499 917 2580 absque
946 2499 1167 2566 satisfactione
1196 2526 1338 2587 congrua

55 2609 188 2673 minime
220 2607 394 2672 relaxetur.
439 2606 563 2671 Datum
586 2603 753 2669 Veronae⁸
785 2603 909 2670 decimo
940 2608 1054 2688 quinto
1083 2607 1249 2675 Kalendas
1273 2611 1337 2677 No-

54 2714 207 2780 rembris.

55 2931 138 2999 378.
169 2932 308 2992 Lbbuaas
329 2931 380 2991 111
405 2930 576 2990 1111111111
598 2937 624 2989 11
641 2932 753 3005 populo
775 2931 941 2990 Arelatensi
962 2933 1122 3007 proecepit,
1155 2936 1338 2995 adducimus

166 3039 296 3099 ecclesiis
317 3038 480 3097 subtractos
502 3038 658 3096 exsolverat.
703 3038 848 3114 Alioquin
875 3057 905 3096 so
930 3041 1245 3099 caoornmauicotiouis
1271 3061 1337 3101 soo-

166 3146 292 3206 lcaturo
323 3144 359 3204 ab
381 3144 509 3203 Heorioo
531 3144 706 3217 Alboucnsi,
739 3161 785 3218 op.
808 3144 865 3202 sod.
892 3144 995 3218 leuato,
1018 3147 1241 3221 prormolyolom
1269 3168 1336 3208 cou-

166 3252 365 3330 ftrraoturaoa
388 3270 457 3324 osso,
481 3251 590 3310 scribit.

279 3353 397 3423 Autogr.
416 3351 446 3405 in
464 3351 536 3407 Bibl.
556 3356 613 3406 nat.
633 3350 720 3405 Paris.
740 3350 810 3405 Goll.
829 3351 933 3405 Baluze
951 3351 1004 3407 380
1022 3370 1049 3406 n.
1069 3354 1111 3408 21.

143 3495 300 3562 Urbanus
324 3495 493 3578 episcopus
522 3515 632 3558 servus
661 3514 828 3558 servorum
850 3492 912 3557 Dei
942 3493 1067 3558 dilectis
1094 3494 1170 3560 filiis
1200 3498 1338 3562 consuli·
1382 3494 1479 3571 11861

54 3603 114 3669 bus
149 3610 186 3669 et
216 3601 336 3686 populo
368 3600 554 3665 Arelatensi
587 3600 725 3664 salutem
759 3606 791 3663 et
824 3600 1037 3682 apostolicam
1068 3600 1337 3668 benedictionem.
1356 3582 1430 3641 N0V·
1443 3583 1506 3649 ²7⁴⁴»
1520 3674 1534 3691 K

54 3709 299 3794 Omnipotentis
326 3707 389 3772 Dei
420 3707 631 3790 benignitatis
667 3707 715 3770 ita
751 3705 893 3770 humano
930 3707 1040 3787 generi
1072 3707 1113 3771 ad
1146 3730 1241 3773 usum
1272 3712 1338 3774 1111

54 3822 174 3882 cuncta
207 3815 343 3898 dignata
375 3820 426 3880 est
458 3814 602 3896 elargiri,
635 3819 672 3876 ut
703 3818 830 3895 partem
860 3812 922 3876 sibi
955 3812 1113 3877 decimam
1141 3822 1336 3895 reservaret,

53 3944 153 4005 quam
177 3922 236 4005 qui
259 3923 289 3987 ei
312 3920 485 4003 subtrahit,
510 3920 672 4001 sacrilegii
703 3924 831 3983 reatum
853 3919 991 3982 incurrit
1013 3926 1047 3983 et
1073 3920 1337 4003 dampnationem

54 4029 117 4094 sibi
140 4033 313 4112 comparat
335 4029 577 4111 sempiternam.
623 4024 718 4091 Unde
742 4026 819 4107 quia
842 4024 884 4088 ad
908 4025 1108 4091 audientiam
1135 4028 1336 4110 apostolatus

53 4137 158 4202 nostri
182 4136 339 4218 pervenit,
364 4133 607 4217 quodquidam
630 4138 774 4197 vestrum
798 4138 911 4196 contra
936 4134 1074 4198 salutem
1097 4134 1262 4217 propriam
1285 4155 1336 4199 ec-

54 4242 151 4307 clesie
176 4239 242 4306 D'ei
263 4241 405 4307 decimas
429 4240 625 4305 subtrahunt
644 4244 677 4303 et
696 4243 809 4303 contra
828 4239 967 4303 salutem
985 4241 1169 4323 propriamb
1192 4240 1336 4305 detinere

55 4348 271 4431 contendunt,
303 4348 549 4413 universitatem
576 4352 718 4411 vestram
740 4344 909 4410 hortamur
931 4347 965 4409 in
987 4346 1126 4411 Domino
1151 4353 1184 4411 et
1206 4353 1335 4430 aposto·

140 4515 155 4541 ·
172 4511 301 4562 Vcroniae
319 4529 339 4562 c.
412 4507 425 4540 ¹³
444 4514 530 4560 contra
548 4509 593 4560 sal.
613 4525 684 4573 prop.
704 4511 737 4556 sio
755 4512 837 4556 auum
855 4511 879 4556 ia
897 4513 1051 4571 arnopapbo.

142 4616 153 4647 ¹
173 4611 325 4671 Bernardo.
399 4613 410 4644 ²
428 4612 615 4698 Pulchrando.
689 4612 699 4642 ³
718 4610 824 4666 Ottoni.
