3098 5056
227 257 291 318 228
640 272 767 325 Unnmvr
784 287 821 325 111
839 284 1006 326 3113131113
1024 272 1077 326 376

51 429 207 488 1185-86
225 438 353 496 vestrae
372 453 430 514 per
449 431 628 515 apostolica
643 432 764 515 scripta
787 431 994 515 precipiendo
1017 432 1220 512 mandamus,
1249 436 1411 514 quatenus
1436 454 1508 516 pre-

59 519 128 577 Dec·
141 519 192 578 15·
226 541 383 623 scriptum
405 540 561 622 populum
588 559 719 603 monere
748 539 906 602 attentius
934 560 973 602 ac
995 539 1148 603 inducere
1171 540 1367 622 procuretiS,
1392 545 1431 603 ut
1455 540 1509 610 de-

226 647 326 710 cimas
350 652 384 710 et
407 646 473 710 alia
495 647 567 709 iura
590 646 691 728 priori
715 651 748 708 et
770 644 927 709 iratribus
954 645 1034 727 illis,
1069 647 1154 709 sicut
1181 645 1221 709 de
1249 645 1319 709 iure
1343 651 1508 728 tenentur,

225 754 393 818 exsolvant
425 759 458 816 et
490 752 634 816 ecclesiis
667 757 700 816 et
728 751 951 816 sacerdotibus
980 753 1047 816 suis
1082 752 1299 815 reverentiam
1332 750 1511 815 exhibeant

226 865 259 924 et
280 859 435 925 honorem
468 865 502 922 et
533 858 575 923 ab
608 880 720 923 eorum
747 859 973 924 molestatione
1002 859 1170 923 desistant.
1217 857 1379 922 Ministris
1408 859 1510 922 etiam

226 967 436 1031 ecclesiarum
468 972 502 1030 et
533 966 805 1031 monasteriorum
837 965 1118 1029 circumstantium
1149 964 1329 1029 districtius
1359 965 1510 1029 inhibere

226 1074 356 1154 curetis,
389 1094 429 1137 ne
462 1072 579 1137 falcem
612 1071 651 1136 de
684 1080 791 1138 cetero
823 1073 858 1135 in
890 1072 1031 1136 alienam
1058 1093 1197 1136 messem
1224 1071 1424 1135 immittantb
1453 1079 1512 1136 aut

225 1179 434 1262 praescriptis
448 1179 549 1262 priori
563 1184 596 1243 et
614 1178 770 1243 fratribus
789 1178 941 1243 iniuriam
959 1178 1101 1243 inferant
1118 1179 1169 1242 vel
1187 1199 1373 1261 gravamen.
1413 1176 1511 1259 Quod

226 1287 254 1350 si
276 1285 386 1351 vobisb
416 1307 481 1350 non
505 1285 739 1367 acquieverint,
773 1290 842 1349 tam
871 1285 1026 1367 populum
1053 1285 1146 1349 illum
1174 1306 1272 1367 quam
1295 1284 1509 1368 presbiteros,

226 1394 282 1476 qui
305 1414 379 1457 eum
401 1392 435 1455 in
459 1391 663 1474 dispendium
689 1392 769 1455 iuris
788 1391 918 1456 illorum
936 1391 1081 1475 recipere
1100 1391 1142 1455 ad
1162 1390 1271 1454 divina
1293 1398 1511 1474 praesumunt

225 1506 259 1565 et
281 1504 486 1564 sacramenta
509 1497 730 1563 ecclesiastica
753 1499 922 1581 impertiri,
947 1500 1143 1563 auctoritate
1166 1503 1278 1563 nostra
1302 1499 1372 1562 sine
1397 1498 1508 1581 appel-

224 1606 355 1670 lationis
380 1603 547 1669 obstaculo
572 1626 709 1669 censura
737 1605 892 1669 canonica
919 1604 1134 1687 percellatis·
1162 1602 1256 1685 Quod
1280 1605 1308 1667 si
1332 1604 1431 1670 ambo
1456 1604 1508 1668 his

225 1711 421 1795 exequendis
440 1711 649 1793 nequiveritis
668 1710 836 1791 interesse,
864 1710 947 1774 alter
965 1716 1108 1774 vestrum
1128 1732 1167 1775 33
1185 1709 1415 1775 nichilominus
1436 1731 1507 1775 exe·

225 1824 353 1902 quatur.
399 1816 523 1881 Datum
546 1815 695 1881 Veronae
718 1814 836 1880 XVIH
858 1816 1024 1881 Kalendas
1047 1817 1204 1881 Ianuarii.

225 2071 309 2138 376.
338 2072 475 2131 Urbcnns
497 2071 548 2130 ΙΙΙ
562 2072 719 2130 'universos
741 2070 841 2145 fideles
863 2071 1114 2147 confraternitatis
1135 2071 1337 2147 Sacriportns
1359 2071 1502 2145 hortatur,

335 2184 368 2236 nt
395 2179 579 2250 3133331333,
609 2196 684 2254 qnos
709 2195 767 2252 pro
789 2177 961 2236 revelatione
984 2178 1160 2237 monosterii
1190 2179 1230 2236 ad
1260 2177 1503 2254 qninqnenninn

335 2285 495 2344 nnnnntirn
518 2303 548 2343 se
570 2285 719 2342 solntnros
742 2303 803 2342 csse
819 2284 1025 2358 promiserint,
1048 2284 1193 2361 fratribus
1209 2285 1390 2360 persolvant.

331 2403 402 2458 Bibl.
421 2409 478 2458 nat.
498 2403 585 2458 Paris.
604 2403 699 2457 Ohart.
715 2402 795 2470 ¹Sacri
808 2403 909 2460 Portus
928 2420 949 2457 s.
963 2417 1041 2458 xvn.
1060 2421 1111 2458 ms.
1130 2403 1178 2458 131.
1192 2404 1271 2458 5466.
1290 2403 1397 2462 13112,

113 2559 197 2618 1186
313 2545 466 2612 Urbanus
490 2545 661 2628 episcopus
685 2565 796 2609 servus
820 2565 986 2610 servorum
1009 2544 1071 2609 Dei
1096 2544 1222 2609 dilectis
1245 2544 1321 2608 filiis
1344 2547 1500 2611 universis

106 2651 164 2709 Iul·
177 2651 205 2710 1·
224 2653 288 2718 Dei
318 2651 469 2717 fidelibus
502 2650 778 2719 confraternitatis
811 2650 902 2716 Sacri
925 2650 1059 2733 Portus,
1093 2651 1136 2715 ad
1163 2674 1243 2735 quos
1266 2653 1399 2718 litterae
1422 2654 1501 2717 istae

224 2759 439 2843 pervenerint,
464 2758 603 2822 salutem
626 2764 659 2821 et
682 2758 894 2840 apostolicam
911 2756 1180 2823 benedictionem.
1226 2757 1280 2824 Ad
1303 2759 1502 2824 audientiam

224 2871 370 2931 nostram
392 2865 546 2929 noveritis
569 2865 769 2947 pervenisse,
794 2864 880 2946 quod
903 2875 986 2946 vos0,
1011 2863 1118 2929 divino
1142 2885 1251 2929 amore
1275 2867 1437 2947 succensi,
1470 2868 1502 2930 in

223 2977 405 3035 vestrarum
418 2970 560 3034 remedio
579 2970 760 3034 animarum
776 2971 819 3035 ad
834 2971 1115 3036 commonitionem
1137 2970 1301 3035 karissimi
1320 2971 1355 3034 in
1374 2971 1502 3038 Christo

222 3077 281 3142 filii
304 3079 407 3142 nostri
429 3077 575 3160 Philippi
597 3077 734 3141 illustris
757 3076 959 3142 Francorum
981 3079 1067 3159 regis
1086 3099 1144 3160 pro
1167 3078 1368 3143 revelatione
1391 3101 1502 3144 mona·

224 3185 314 3249 sterii
338 3183 429 3249 Sacri
452 3184 571 3248 Portus
595 3189 701 3247 certas
725 3183 917 3248 elemosinas
940 3182 1097 3248 fratribus
1121 3183 1266 3248 eiusdem
1292 3184 1356 3249 1331
1383 3184 1501 3249 libera·

221 3292 298 3355 liter
320 3291 534 3374 promiseritis
557 3311 660 3373 usque
688 3289 730 3353 ad
757 3291 1013 3372 quinquennium
1041 3290 1135 3354 annis
1159 3290 1292 3373 singulis
1316 3292 1501 3374 persolven-

224 3397 292 3462 das.
338 3396 432 3463 Unde
456 3418 528 3478 333,
552 3397 643 3462 vobis
671 3397 705 3459 in
732 3395 825 3460 bonis
850 3397 1001 3480 operibus
1025 3397 1279 3479 congaudentes,
1308 3399 1500 3464 universita-

223 3511 289 3568 tem
312 3509 455 3568 vestram
478 3524 655 3585 monemus
683 3503 839 3567 attentius
862 3524 1013 3585 rogamus
1037 3497 1192 3586 vobisque
1220 3505 1253 3567 in
1276 3505 1501 3571 remissionem

223 3616 430 3694 peccatorum
453 3611 663 3693 injungimus,
698 3610 850 3691 quatinus
879 3610 1071 3674 elemosinas
1101 3610 1189 3693 ipsas
1218 3610 1413 3693 supradictis
1439 3612 1502 3677 fra·

222 3718 328 3781 tribus
350 3718 443 3780 iuxta
465 3717 660 3799 promissum
683 3723 826 3780 vestrum
848 3716 1014 3780 1111311131(1
1038 3717 1107 3781 31113
1136 3717 1348 3782 diminutione
1378 3719 1430 3782 vel
1454 3740 1503 3783 re·

223 3825 366 3889 tentione
390 3823 537 3905 qualibet
560 3821 733 3887 conferatis
758 3829 791 3887 et
814 3823 871 3906 ita,
896 3822 982 3906 quod
1006 3845 1025 3887 3
1048 3823 1139 3888 vobis
1158 3831 1208 3888 331
1226 3823 1437 3888 laudabiliter
1455 3826 1503 3888 in-

224 3931 386 4011 choatum,
411 3929 589 4012 adimplere
613 3930 743 4010 curetis,
767 3929 853 4011 quod
878 3935 911 3994 et
933 3929 1071 3994 fratrum
1088 3931 1277 4009 necessitati
1294 3936 1404 3995 vestra
1427 3931 1503 3996 sub·

224 4039 372 4102 ventione
404 4036 530 4100 utiliter
562 4036 750 4100 consulatur
782 4042 815 4100 et
845 4037 991 4119 praemia
1022 4036 1246 4101 retributionis
1276 4044 1431 4102 aeternae
1462 4038 1503 4103 ab

224 4144 438 4227 omnipotenti
470 4141 609 4207 Domino
642 4142 777 4207 valeatis
811 4144 955 4207 securius
988 4149 1152 4226 exoptare.
1199 4143 1323 4208 Datum
1353 4143 1505 4210 Veronae

222 4250 296 4314 Kal.
321 4250 424 4314 Iulii.1

312 4414 494 4462 “immittatur
511 4431 531 4463 e.
604 4409 707 4461 bnobis
726 4430 746 4462 3.
819 4416 892 4462 enos
910 4431 930 4462 3.
1004 4409 1142 4462 dilluriter
1160 4432 1180 4463 3.

313 4517 324 4547 ²
341 4517 443 4571 Exstat
460 4515 636 4587 privilegium
654 4515 744 4570 eidem
762 4516 931 4571 monasterio
949 4517 1048 4571 datum
1071 4515 1098 4572 d.
1118 4515 1160 4570 28.
1180 4516 1244 4570 Iun.
1264 4516 1333 4572 1186
1356 4517 1386 4571 in
1410 4525 1506 4574 cartu-

224 4605 295 4659 lario
313 4623 398 4676 supra
416 4605 502 4661 citato
520 4604 567 4659 fol.
588 4609 611 4660 1.
