3098 5056
224 237 288 299 232
390 271 392 278 ·
639 251 763 306 [11100111
782 266 818 306 111
836 267 1004 307 1001010100
1023 253 1074 307 382

36 418 202 480 rtet-⁴87.
223 412 387 477 catoribus
406 412 566 476 universis
585 411 676 476 verbi
695 411 800 475 crucis
823 435 882 495 pro
903 413 1023 478 Terrae
1043 419 1176 477 sanctae
1201 412 1346 478 subsidio
1371 434 1408 477 ac
1434 434 1507 476 exe-

222 520 389 583 cutoribus
413 518 540 600 negocii
563 517 708 583 eiusdem
732 519 836 583 crucis
861 520 999 583 salutem
1018 524 1052 584 et
1070 518 1284 602 apostolicam
1307 519 1507 584 benedictio-

144 654 151 667 ·
221 647 305 689 nem.
352 623 507 689 Volentes
540 624 668 690 labores
701 632 836 707 vestros,
865 648 946 709 quos
970 648 1029 710 pro
1053 625 1174 690 Terrae
1202 631 1336 690 00110100
1360 625 1507 690 subsidio

221 737 372 815 prompta
394 732 560 796 voluntate
585 732 712 813 subitis,
737 732 961 814 spiritualibus
990 733 1144 816 praemiis
1169 753 1390 815 compensare,
1415 734 1508 797 vobis

221 839 381 903 universis
405 844 439 902 et
462 838 597 920 singulis
624 843 759 921 propter
784 838 846 903 hoc
873 839 1100 904 laborantibus
1128 839 1219 904 illam
1241 845 1435 920 vestrorum,
1469 838 1509 926 de

223 945 341 1028 quibus
365 945 460 1009 corde
485 945 623 1010 contrito
648 949 681 1008 et
704 964 759 1009 ore
788 944 928 1050 confessi
951 944 1106 1028 fueritisss,
1141 945 1348 1011 concedimus
1377 947 1510 1010 veniam

221 1058 438 1134 peccatorum,
458 1051 579 1133 illoque
589 1051 736 1115 volumus
746 1051 914 1133 privilegio
926 1073 1029 1133 eaque
1039 1053 1244 1126 immunitate
1255 1051 1408 1134 gaudere,
1424 1074 1509 1135 quae

223 1158 328 1223 dictae
352 1158 473 1223 Terrae
497 1163 629 1222 sanctae
654 1157 917 1222 succurrentibus
941 1159 975 1222 in
997 1158 1142 1240 generali
1170 1158 1307 1223 concilio
1332 1164 1410 1222 sunt
1434 1180 1509 1223 con-

223 1286 323 1329 cessa.
370 1264 459 1328 Nulli
492 1285 567 1346 ergo
600 1264 730 1328 omnino
758 1262 926 1328 hominurn
953 1265 1065 1346 liceat,
1090 1263 1175 1328 hanc
1197 1267 1351 1347 paginam
1374 1271 1509 1330 nostrae

223 1372 439 1436 concessionis
472 1370 646 1453 infringere
679 1370 730 1434 vel
763 1371 792 1434 ei
825 1392 907 1434 ausu
938 1372 1112 1436 temerario
1146 1373 1318 1436 contraire.
1366 1370 1403 1436 Si
1434 1373 1508 1455 quis

222 1483 333 1542 autem
364 1477 425 1542 hoc
457 1483 653 1560 attemptare
686 1478 955 1560 praesumpserit,
984 1477 1240 1560 indignationem
1272 1478 1508 1562 omnipotentis

222 1584 285 1648 Dei
308 1590 342 1648 et
363 1584 534 1649 beatorum
557 1583 649 1648 Petri
673 1589 705 1647 et
728 1583 824 1647 Pauli
848 1584 1070 1666 apostolorum
1094 1585 1162 1648 eius
1187 1604 1221 1648 se
1249 1586 1377 1650 noverit
1401 1586 1508 1649 incur-

223 1713 343 1755 surum.
391 1691 467 1755 Dat.
493 1697 553 1755 etc.

222 2104 308 2169 382.
338 2105 474 2164 Urbanus
496 2104 548 2163 ΙΠ
573 2105 701 2163 Heorc'co
733 2103 949 2178 archiepiscopo
976 2102 1158 2162 Bituricccsc’
1188 2105 1330 2178 concedit,
1363 2112 1407 2178 ut,
1440 2125 1501 2164 curu

332 2211 469 2271 cccouc'cc‘
490 2213 524 2270 dc
548 2218 664 2270 vacuate
685 2209 852 2284 praebendo
878 2228 941 2268 coc
967 2211 1166 2283 convenerint,
1197 2212 1261 2286 epse
1282 2212 1502 2287 1110000010ον-

333 2319 498 2377 00000110
521 2318 723 2377 0010010001.

393 2453 648 2509 Β11)1.1101.Ρο110.
669 2453 737 2508 Coll.
757 2451 861 2508 Balnea
880 2453 922 2506 79.
950 2435 998 2506 fol.
1019 2452 1078 2506 181.
1107 2471 1194 2507 manu
1213 2471 1234 2508 0.
1254 2468 1333 2509 XVII.

47 2687 202 2758 1185-37
311 2667 464 2733 Urbanus
489 2668 659 2750 episcopus
684 2687 795 2730 servus
820 2687 985 2731 serrorum
1008 2666 1071 2731 Dei
1094 2666 1272 2731 venerabili
1301 2667 1396 2732 fratri
1419 2669 1503 2733 Hen-

15 2759 144 2937 *plait
157 2779 185 2836 4.
223 2778 290 2842 1100
313 2763 512 2839 Bituricensi
536 2773 789 2856 archiepiscopo,
813 2772 1014 2854 Aquitaniae
1037 2774 1180 2856 primati,
1213 2774 1351 2837 salutem
1375 2781 1408 2837 et
1432 2797 1504 2858 apo-

224 2883 374 2948 stolicam
399 2879 666 2944 benedictionem.
713 2880 778 2943 Pro
807 2884 896 2942 statu
925 2880 1134 2943 ecclesiarum
1162 2881 1321 2963 pastorali
1351 2903 1410 2945 nos
1435 2888 1505 2945 cou-

223 2992 311 3055 venit
335 3010 413 3052 cura
437 2992 585 3069 satagere
610 2994 656 3068 et,
685 3008 726 3050 ne
749 2985 954 3050 inordinatae
978 2992 1169 3050 remaneant
1192 2987 1243 3050 vel
1273 2986 1392 3051 debitis
1417 2988 1506 3053 obse-

225 3098 310 3181 quiis
335 3093 567 3160 defraudentur
598 3092 795 3175 diligentem,
825 3092 1077 3156 sollicitudinem
1101 3092 1265 3157 adhibere.
1312 3094 1507 3177 Accepimus

225 3209 344 3283 autem,
370 3202 466 3285 quod,
492 3222 564 3264 cum
593 3201 627 3263 in
651 3199 787 3263 ecclesia
810 3204 869 3261 tua
892 3197 1113 3281 praebendam
1140 3220 1255 3264 vacare
1280 3201 1452 3282 contingit,
1475 3202 1507 3263 in

225 3308 413 3375 ordinandis
437 3307 601 3372 canonicis
626 3306 816 3389 plerumque
836 3305 983 3369 canonici
1002 3305 1146 3369 eiusdem
1166 3307 1323 3370 ecclesiae
1343 3307 1507 3372 discordes

225 3418 369 3481 existunt
392 3437 451 3480 nec
479 3415 651 3479 voluerunt
677 3413 711 3476 in
739 3432 895 3495 personas
928 3410 1062 3476 idoneas
1094 3413 1292 3477 unanimiter
1327 3415 1507 3478 convenire.

223 3523 272 3587 Ne
297 3528 406 3586 autem
430 3522 599 3587 occasione
631 3521 696 3583 ista
728 3519 865 3583 ecclesia
898 3518 959 3583 tibi
993 3519 1165 3584 commissa
1197 3519 1299 3582 ullum
1328 3521 1438 3603 possit
1470 3521 1508 3584 de

226 3636 333 3694 cetero
357 3627 596 3694 incommodum
614 3627 666 3691 vel
687 3625 919 3689 detrimentum
935 3625 1099 3688 incurrere
1124 3631 1181 3689 aut
1205 3626 1378 3707 malignari
1402 3627 1508 3711 rolen-

224 3737 312 3801 tibus
336 3741 522 3834 praestetur
553 3733 704 3814 audacia,
733 3732 878 3797 volentes
911 3731 973 3795 tibi
1005 3732 1040 3794 in
1073 3732 1190 3814 quibus
1220 3732 1309 3795 salva
1337 3731 1508 3797 honestate

225 3865 396 3927 possumus
429 3848 581 3925 prompta
611 3841 813 3922 benignitate
853 3836 993 3939 deferre,
1027 3839 1203 3902 autoritate
1232 3838 1294 3902 tibi
1329 3839 1507 3922 apostolica

225 3950 446 4032 indulgemus,
480 3954 530 4028 ut,
552 3968 625 4011 cum
648 3946 836 4029 praebenda
858 3945 1036 4025 vacaverit,
1071 3945 1099 4008 si
1123 3944 1162 4008 de
1185 3945 1258 4027 ipsa
1283 3944 1390 4008 danda
1415 3966 1507 4010 cano-

225 4059 290 4121 nici
313 4078 378 4121 non
402 4054 620 4134 convenerint,
644 4064 817 4135 'personam
840 4051 991 4116 idoneam
1015 4050 1076 4115 tibi
1099 4051 1198 4115 liceat
1221 4051 1341 4114 nullius
1366 4053 1506 4136 appella-

225 4165 313 4229 tione
338 4162 489 4228 obstante
513 4160 704 4224 canonicum
727 4159 829 4241 ipsius
854 4157 1009 4222 ecclesiae
1029 4158 1098 4222 sine
1113 4158 1219 4240 specie
1234 4179 1335 4240 prava
1353 4163 1506 4238 statuere,

225 4272 260 4333 in
284 4271 401 4352 quaml
429 4269 585 4333 maiorem
614 4271 653 4330 01
671 4265 832 4330 saniorem
856 4270 983 4348 partem
1007 4265 1134 4329 noveris
1159 4265 1339 4329 convenire.
1386 4265 1506 4330 Datum

227 4375 376 4441 Veronae
400 4383 518 4459 quarto
541 4374 652 4439 Nonas
675 4371 788 4437 Madii.

317 4594 444 4644 ‘fueritis
463 4596 557 4642 addidi.
631 4587 643 4620 ¹²
662 4593 749 4639 saliret
767 4603 907 4652 personum.
